%YAML 1.1
%TAG !u! tag:unity3d.com,2011:
--- !u!65 &343814336689681153
BoxCollider:
  m_ObjectHideFlags: 0
  m_CorrespondingSourceObject: {fileID: 0}
  m_PrefabInstance: {fileID: 0}
  m_PrefabAsset: {fileID: 0}
  m_GameObject: {fileID: 384131827103034399}
  m_Material: {fileID: 0}
  m_IsTrigger: 1
  m_Enabled: 1
  serializedVersion: 2
  m_Size: {x: 0.04999999, y: 0.04999999, z: 0.02}
  m_Center: {x: 0, y: 0.000000007450581, z: -0.000000059604645}
--- !u!65 &925043941698161456
BoxCollider:
  m_ObjectHideFlags: 0
  m_CorrespondingSourceObject: {fileID: 0}
  m_PrefabInstance: {fileID: 0}
  m_PrefabAsset: {fileID: 0}
  m_GameObject: {fileID: 470966179806658562}
  m_Material: {fileID: 0}
  m_IsTrigger: 1
  m_Enabled: 1
  serializedVersion: 2
  m_Size: {x: 0.04999999, y: 0.04999999, z: 0.02}
  m_Center: {x: 0, y: 0.000000007450581, z: 0}
--- !u!65 &7140582522431291279
BoxCollider:
  m_ObjectHideFlags: 0
  m_CorrespondingSourceObject: {fileID: 0}
  m_PrefabInstance: {fileID: 0}
  m_PrefabAsset: {fileID: 0}
  m_GameObject: {fileID: 1681101188917967327}
  m_Material: {fileID: 0}
  m_IsTrigger: 1
  m_Enabled: 1
  serializedVersion: 2
  m_Size: {x: 0.04999999, y: 0.04999999, z: 0.02}
  m_Center: {x: 0, y: 0.000000007450581, z: -0.000000059604645}
--- !u!65 &7581355011707394950
BoxCollider:
  m_ObjectHideFlags: 0
  m_CorrespondingSourceObject: {fileID: 0}
  m_PrefabInstance: {fileID: 0}
  m_PrefabAsset: {fileID: 0}
  m_GameObject: {fileID: 2152694829940068496}
  m_Material: {fileID: 0}
  m_IsTrigger: 1
  m_Enabled: 1
  serializedVersion: 2
  m_Size: {x: 0.04999999, y: 0.04999999, z: 0.02}
  m_Center: {x: 0, y: 0.000000007450581, z: 0}
--- !u!65 &1258497482481494542
BoxCollider:
  m_ObjectHideFlags: 0
  m_CorrespondingSourceObject: {fileID: 0}
  m_PrefabInstance: {fileID: 0}
  m_PrefabAsset: {fileID: 0}
  m_GameObject: {fileID: 3777181208056690310}
  m_Material: {fileID: 0}
  m_IsTrigger: 1
  m_Enabled: 1
  serializedVersion: 2
  m_Size: {x: 0.04999999, y: 0.04999999, z: 0.02}
  m_Center: {x: 0, y: 0.000000007450581, z: -0.000000059604645}
--- !u!65 &1580419382792065118
BoxCollider:
  m_ObjectHideFlags: 0
  m_CorrespondingSourceObject: {fileID: 0}
  m_PrefabInstance: {fileID: 0}
  m_PrefabAsset: {fileID: 0}
  m_GameObject: {fileID: 5566021871259142723}
  m_Material: {fileID: 0}
  m_IsTrigger: 1
  m_Enabled: 1
  serializedVersion: 2
  m_Size: {x: 0.04999999, y: 0.04999999, z: 0.02}
  m_Center: {x: 0, y: 0.000000007450581, z: -0.000000059604645}
--- !u!65 &8589774135651329559
BoxCollider:
  m_ObjectHideFlags: 0
  m_CorrespondingSourceObject: {fileID: 0}
  m_PrefabInstance: {fileID: 0}
  m_PrefabAsset: {fileID: 0}
  m_GameObject: {fileID: 6578466381810652124}
  m_Material: {fileID: 0}
  m_IsTrigger: 1
  m_Enabled: 1
  serializedVersion: 2
  m_Size: {x: 0.04999999, y: 0.04999999, z: 0.02}
  m_Center: {x: 0, y: 0.000000007450581, z: -0.00000011920929}
--- !u!65 &4463860929051815210
BoxCollider:
  m_ObjectHideFlags: 0
  m_CorrespondingSourceObject: {fileID: 0}
  m_PrefabInstance: {fileID: 0}
  m_PrefabAsset: {fileID: 0}
  m_GameObject: {fileID: 7392667907185056902}
  m_Material: {fileID: 0}
  m_IsTrigger: 1
  m_Enabled: 1
  serializedVersion: 2
  m_Size: {x: 0.04999999, y: 0.04999999, z: 0.02}
  m_Center: {x: 0, y: 0.000000007450581, z: 0}
--- !u!1 &8413631781217545644
GameObject:
  m_ObjectHideFlags: 0
  m_CorrespondingSourceObject: {fileID: 0}
  m_PrefabInstance: {fileID: 0}
  m_PrefabAsset: {fileID: 0}
  serializedVersion: 6
  m_Component:
  - component: {fileID: 8789826680616657582}
  m_Layer: 0
  m_Name: StraightInvincPower
  m_TagString: Untagged
  m_Icon: {fileID: 0}
  m_NavMeshLayer: 0
  m_StaticEditorFlags: 0
  m_IsActive: 1
--- !u!4 &8789826680616657582
Transform:
  m_ObjectHideFlags: 0
  m_CorrespondingSourceObject: {fileID: 0}
  m_PrefabInstance: {fileID: 0}
  m_PrefabAsset: {fileID: 0}
  m_GameObject: {fileID: 8413631781217545644}
  m_LocalRotation: {x: -0, y: -0, z: -0, w: 1}
  m_LocalPosition: {x: 4.2910156, y: 4.494934, z: -13.951538}
  m_LocalScale: {x: 1, y: 1, z: 1}
  m_Children:
  - {fileID: 1188672999100797585}
  - {fileID: 9178148922971125707}
  - {fileID: 3291115179971845579}
  - {fileID: 6656341162722146450}
  - {fileID: 6263243812861759965}
  - {fileID: 5647758325392731474}
  - {fileID: 435178990514785038}
  - {fileID: 5601737571592126799}
  - {fileID: 4366142999847350365}
  m_Father: {fileID: 0}
  m_RootOrder: 0
  m_LocalEulerAnglesHint: {x: 0, y: 0, z: 0}
--- !u!1001 &560277620695740016
PrefabInstance:
  m_ObjectHideFlags: 0
  serializedVersion: 2
  m_Modification:
    m_TransformParent: {fileID: 8789826680616657582}
    m_Modifications:
    - target: {fileID: 3056504159277003707, guid: 9a5e8ba990b875e46ae6300c45f3fd2a,
        type: 3}
      propertyPath: m_LocalPosition.x
      value: -9.236386
      objectReference: {fileID: 0}
    - target: {fileID: 3056504159277003707, guid: 9a5e8ba990b875e46ae6300c45f3fd2a,
        type: 3}
      propertyPath: m_LocalPosition.y
      value: -7.040833
      objectReference: {fileID: 0}
    - target: {fileID: 3056504159277003707, guid: 9a5e8ba990b875e46ae6300c45f3fd2a,
        type: 3}
      propertyPath: m_LocalPosition.z
      value: 20.63
      objectReference: {fileID: 0}
    - target: {fileID: 3056504159277003707, guid: 9a5e8ba990b875e46ae6300c45f3fd2a,
        type: 3}
      propertyPath: m_LocalRotation.x
      value: 0
      objectReference: {fileID: 0}
    - target: {fileID: 3056504159277003707, guid: 9a5e8ba990b875e46ae6300c45f3fd2a,
        type: 3}
      propertyPath: m_LocalRotation.y
      value: 0
      objectReference: {fileID: 0}
    - target: {fileID: 3056504159277003707, guid: 9a5e8ba990b875e46ae6300c45f3fd2a,
        type: 3}
      propertyPath: m_LocalRotation.z
      value: 0
      objectReference: {fileID: 0}
    - target: {fileID: 3056504159277003707, guid: 9a5e8ba990b875e46ae6300c45f3fd2a,
        type: 3}
      propertyPath: m_LocalRotation.w
      value: 1
      objectReference: {fileID: 0}
    - target: {fileID: 3056504159277003707, guid: 9a5e8ba990b875e46ae6300c45f3fd2a,
        type: 3}
      propertyPath: m_RootOrder
      value: 2
      objectReference: {fileID: 0}
    - target: {fileID: 3056504159277003707, guid: 9a5e8ba990b875e46ae6300c45f3fd2a,
        type: 3}
      propertyPath: m_LocalEulerAnglesHint.x
      value: 0
      objectReference: {fileID: 0}
    - target: {fileID: 3056504159277003707, guid: 9a5e8ba990b875e46ae6300c45f3fd2a,
        type: 3}
      propertyPath: m_LocalEulerAnglesHint.y
      value: 0
      objectReference: {fileID: 0}
    - target: {fileID: 3056504159277003707, guid: 9a5e8ba990b875e46ae6300c45f3fd2a,
        type: 3}
      propertyPath: m_LocalEulerAnglesHint.z
      value: 0
      objectReference: {fileID: 0}
    - target: {fileID: 7016196779479249654, guid: 9a5e8ba990b875e46ae6300c45f3fd2a,
        type: 3}
      propertyPath: m_Name
      value: GoodCoin (2)
      objectReference: {fileID: 0}
    m_RemovedComponents: []
  m_SourcePrefab: {fileID: 100100000, guid: 9a5e8ba990b875e46ae6300c45f3fd2a, type: 3}
--- !u!1 &7392667907185056902 stripped
GameObject:
  m_CorrespondingSourceObject: {fileID: 7016196779479249654, guid: 9a5e8ba990b875e46ae6300c45f3fd2a,
    type: 3}
  m_PrefabInstance: {fileID: 560277620695740016}
  m_PrefabAsset: {fileID: 0}
--- !u!4 &3291115179971845579 stripped
Transform:
  m_CorrespondingSourceObject: {fileID: 3056504159277003707, guid: 9a5e8ba990b875e46ae6300c45f3fd2a,
    type: 3}
  m_PrefabInstance: {fileID: 560277620695740016}
  m_PrefabAsset: {fileID: 0}
--- !u!1001 &3197822550804363445
PrefabInstance:
  m_ObjectHideFlags: 0
  serializedVersion: 2
  m_Modification:
    m_TransformParent: {fileID: 8789826680616657582}
    m_Modifications:
    - target: {fileID: 3056504159277003707, guid: 9a5e8ba990b875e46ae6300c45f3fd2a,
        type: 3}
      propertyPath: m_LocalPosition.x
      value: -9.236386
      objectReference: {fileID: 0}
    - target: {fileID: 3056504159277003707, guid: 9a5e8ba990b875e46ae6300c45f3fd2a,
        type: 3}
      propertyPath: m_LocalPosition.y
      value: -7.040833
      objectReference: {fileID: 0}
    - target: {fileID: 3056504159277003707, guid: 9a5e8ba990b875e46ae6300c45f3fd2a,
        type: 3}
      propertyPath: m_LocalPosition.z
      value: 5.66
      objectReference: {fileID: 0}
    - target: {fileID: 3056504159277003707, guid: 9a5e8ba990b875e46ae6300c45f3fd2a,
        type: 3}
      propertyPath: m_LocalRotation.x
      value: 0
      objectReference: {fileID: 0}
    - target: {fileID: 3056504159277003707, guid: 9a5e8ba990b875e46ae6300c45f3fd2a,
        type: 3}
      propertyPath: m_LocalRotation.y
      value: 0
      objectReference: {fileID: 0}
    - target: {fileID: 3056504159277003707, guid: 9a5e8ba990b875e46ae6300c45f3fd2a,
        type: 3}
      propertyPath: m_LocalRotation.z
      value: 0
      objectReference: {fileID: 0}
    - target: {fileID: 3056504159277003707, guid: 9a5e8ba990b875e46ae6300c45f3fd2a,
        type: 3}
      propertyPath: m_LocalRotation.w
      value: 1
      objectReference: {fileID: 0}
    - target: {fileID: 3056504159277003707, guid: 9a5e8ba990b875e46ae6300c45f3fd2a,
        type: 3}
      propertyPath: m_RootOrder
      value: 6
      objectReference: {fileID: 0}
    - target: {fileID: 3056504159277003707, guid: 9a5e8ba990b875e46ae6300c45f3fd2a,
        type: 3}
      propertyPath: m_LocalEulerAnglesHint.x
      value: 0
      objectReference: {fileID: 0}
    - target: {fileID: 3056504159277003707, guid: 9a5e8ba990b875e46ae6300c45f3fd2a,
        type: 3}
      propertyPath: m_LocalEulerAnglesHint.y
      value: 0
      objectReference: {fileID: 0}
    - target: {fileID: 3056504159277003707, guid: 9a5e8ba990b875e46ae6300c45f3fd2a,
        type: 3}
      propertyPath: m_LocalEulerAnglesHint.z
      value: 0
      objectReference: {fileID: 0}
    - target: {fileID: 7016196779479249654, guid: 9a5e8ba990b875e46ae6300c45f3fd2a,
        type: 3}
      propertyPath: m_Name
      value: GoodCoin (6)
      objectReference: {fileID: 0}
    m_RemovedComponents: []
  m_SourcePrefab: {fileID: 100100000, guid: 9a5e8ba990b875e46ae6300c45f3fd2a, type: 3}
--- !u!4 &435178990514785038 stripped
Transform:
  m_CorrespondingSourceObject: {fileID: 3056504159277003707, guid: 9a5e8ba990b875e46ae6300c45f3fd2a,
    type: 3}
  m_PrefabInstance: {fileID: 3197822550804363445}
  m_PrefabAsset: {fileID: 0}
--- !u!1 &5566021871259142723 stripped
GameObject:
  m_CorrespondingSourceObject: {fileID: 7016196779479249654, guid: 9a5e8ba990b875e46ae6300c45f3fd2a,
    type: 3}
  m_PrefabInstance: {fileID: 3197822550804363445}
  m_PrefabAsset: {fileID: 0}
--- !u!1001 &4185499496453890346
PrefabInstance:
  m_ObjectHideFlags: 0
  serializedVersion: 2
  m_Modification:
    m_TransformParent: {fileID: 8789826680616657582}
    m_Modifications:
    - target: {fileID: 3056504159277003707, guid: 9a5e8ba990b875e46ae6300c45f3fd2a,
        type: 3}
      propertyPath: m_LocalPosition.x
      value: -9.236386
      objectReference: {fileID: 0}
    - target: {fileID: 3056504159277003707, guid: 9a5e8ba990b875e46ae6300c45f3fd2a,
        type: 3}
      propertyPath: m_LocalPosition.y
      value: -7.040833
      objectReference: {fileID: 0}
    - target: {fileID: 3056504159277003707, guid: 9a5e8ba990b875e46ae6300c45f3fd2a,
        type: 3}
      propertyPath: m_LocalPosition.z
      value: 26.67419
      objectReference: {fileID: 0}
    - target: {fileID: 3056504159277003707, guid: 9a5e8ba990b875e46ae6300c45f3fd2a,
        type: 3}
      propertyPath: m_LocalRotation.x
      value: 0
      objectReference: {fileID: 0}
    - target: {fileID: 3056504159277003707, guid: 9a5e8ba990b875e46ae6300c45f3fd2a,
        type: 3}
      propertyPath: m_LocalRotation.y
      value: 0
      objectReference: {fileID: 0}
    - target: {fileID: 3056504159277003707, guid: 9a5e8ba990b875e46ae6300c45f3fd2a,
        type: 3}
      propertyPath: m_LocalRotation.z
      value: 0
      objectReference: {fileID: 0}
    - target: {fileID: 3056504159277003707, guid: 9a5e8ba990b875e46ae6300c45f3fd2a,
        type: 3}
      propertyPath: m_LocalRotation.w
      value: 1
      objectReference: {fileID: 0}
    - target: {fileID: 3056504159277003707, guid: 9a5e8ba990b875e46ae6300c45f3fd2a,
        type: 3}
      propertyPath: m_RootOrder
      value: 0
      objectReference: {fileID: 0}
    - target: {fileID: 3056504159277003707, guid: 9a5e8ba990b875e46ae6300c45f3fd2a,
        type: 3}
      propertyPath: m_LocalEulerAnglesHint.x
      value: 0
      objectReference: {fileID: 0}
    - target: {fileID: 3056504159277003707, guid: 9a5e8ba990b875e46ae6300c45f3fd2a,
        type: 3}
      propertyPath: m_LocalEulerAnglesHint.y
      value: 0
      objectReference: {fileID: 0}
    - target: {fileID: 3056504159277003707, guid: 9a5e8ba990b875e46ae6300c45f3fd2a,
        type: 3}
      propertyPath: m_LocalEulerAnglesHint.z
      value: 0
      objectReference: {fileID: 0}
    - target: {fileID: 7016196779479249654, guid: 9a5e8ba990b875e46ae6300c45f3fd2a,
        type: 3}
      propertyPath: m_Name
      value: GoodCoin
      objectReference: {fileID: 0}
    m_RemovedComponents: []
  m_SourcePrefab: {fileID: 100100000, guid: 9a5e8ba990b875e46ae6300c45f3fd2a, type: 3}
--- !u!1 &6578466381810652124 stripped
GameObject:
  m_CorrespondingSourceObject: {fileID: 7016196779479249654, guid: 9a5e8ba990b875e46ae6300c45f3fd2a,
    type: 3}
  m_PrefabInstance: {fileID: 4185499496453890346}
  m_PrefabAsset: {fileID: 0}
--- !u!4 &1188672999100797585 stripped
Transform:
  m_CorrespondingSourceObject: {fileID: 3056504159277003707, guid: 9a5e8ba990b875e46ae6300c45f3fd2a,
    type: 3}
  m_PrefabInstance: {fileID: 4185499496453890346}
  m_PrefabAsset: {fileID: 0}
--- !u!1001 &6140015461555127408
PrefabInstance:
  m_ObjectHideFlags: 0
  serializedVersion: 2
  m_Modification:
    m_TransformParent: {fileID: 8789826680616657582}
    m_Modifications:
    - target: {fileID: 3056504159277003707, guid: 9a5e8ba990b875e46ae6300c45f3fd2a,
        type: 3}
      propertyPath: m_LocalPosition.x
      value: -9.236386
      objectReference: {fileID: 0}
    - target: {fileID: 3056504159277003707, guid: 9a5e8ba990b875e46ae6300c45f3fd2a,
        type: 3}
      propertyPath: m_LocalPosition.y
      value: -7.040833
      objectReference: {fileID: 0}
    - target: {fileID: 3056504159277003707, guid: 9a5e8ba990b875e46ae6300c45f3fd2a,
        type: 3}
      propertyPath: m_LocalPosition.z
      value: 23.67
      objectReference: {fileID: 0}
    - target: {fileID: 3056504159277003707, guid: 9a5e8ba990b875e46ae6300c45f3fd2a,
        type: 3}
      propertyPath: m_LocalRotation.x
      value: 0
      objectReference: {fileID: 0}
    - target: {fileID: 3056504159277003707, guid: 9a5e8ba990b875e46ae6300c45f3fd2a,
        type: 3}
      propertyPath: m_LocalRotation.y
      value: 0
      objectReference: {fileID: 0}
    - target: {fileID: 3056504159277003707, guid: 9a5e8ba990b875e46ae6300c45f3fd2a,
        type: 3}
      propertyPath: m_LocalRotation.z
      value: 0
      objectReference: {fileID: 0}
    - target: {fileID: 3056504159277003707, guid: 9a5e8ba990b875e46ae6300c45f3fd2a,
        type: 3}
      propertyPath: m_LocalRotation.w
      value: 1
      objectReference: {fileID: 0}
    - target: {fileID: 3056504159277003707, guid: 9a5e8ba990b875e46ae6300c45f3fd2a,
        type: 3}
      propertyPath: m_RootOrder
      value: 1
      objectReference: {fileID: 0}
    - target: {fileID: 3056504159277003707, guid: 9a5e8ba990b875e46ae6300c45f3fd2a,
        type: 3}
      propertyPath: m_LocalEulerAnglesHint.x
      value: 0
      objectReference: {fileID: 0}
    - target: {fileID: 3056504159277003707, guid: 9a5e8ba990b875e46ae6300c45f3fd2a,
        type: 3}
      propertyPath: m_LocalEulerAnglesHint.y
      value: 0
      objectReference: {fileID: 0}
    - target: {fileID: 3056504159277003707, guid: 9a5e8ba990b875e46ae6300c45f3fd2a,
        type: 3}
      propertyPath: m_LocalEulerAnglesHint.z
      value: 0
      objectReference: {fileID: 0}
    - target: {fileID: 7016196779479249654, guid: 9a5e8ba990b875e46ae6300c45f3fd2a,
        type: 3}
      propertyPath: m_Name
      value: GoodCoin (1)
      objectReference: {fileID: 0}
    m_RemovedComponents: []
  m_SourcePrefab: {fileID: 100100000, guid: 9a5e8ba990b875e46ae6300c45f3fd2a, type: 3}
--- !u!1 &3777181208056690310 stripped
GameObject:
  m_CorrespondingSourceObject: {fileID: 7016196779479249654, guid: 9a5e8ba990b875e46ae6300c45f3fd2a,
    type: 3}
  m_PrefabInstance: {fileID: 6140015461555127408}
  m_PrefabAsset: {fileID: 0}
--- !u!4 &9178148922971125707 stripped
Transform:
  m_CorrespondingSourceObject: {fileID: 3056504159277003707, guid: 9a5e8ba990b875e46ae6300c45f3fd2a,
    type: 3}
  m_PrefabInstance: {fileID: 6140015461555127408}
  m_PrefabAsset: {fileID: 0}
--- !u!1001 &7208640195770212073
PrefabInstance:
  m_ObjectHideFlags: 0
  serializedVersion: 2
  m_Modification:
    m_TransformParent: {fileID: 8789826680616657582}
    m_Modifications:
    - target: {fileID: 3056504159277003707, guid: 9a5e8ba990b875e46ae6300c45f3fd2a,
        type: 3}
      propertyPath: m_LocalPosition.x
      value: -9.236386
      objectReference: {fileID: 0}
    - target: {fileID: 3056504159277003707, guid: 9a5e8ba990b875e46ae6300c45f3fd2a,
        type: 3}
      propertyPath: m_LocalPosition.y
      value: -7.040833
      objectReference: {fileID: 0}
    - target: {fileID: 3056504159277003707, guid: 9a5e8ba990b875e46ae6300c45f3fd2a,
        type: 3}
      propertyPath: m_LocalPosition.z
      value: 8.66
      objectReference: {fileID: 0}
    - target: {fileID: 3056504159277003707, guid: 9a5e8ba990b875e46ae6300c45f3fd2a,
        type: 3}
      propertyPath: m_LocalRotation.x
      value: 0
      objectReference: {fileID: 0}
    - target: {fileID: 3056504159277003707, guid: 9a5e8ba990b875e46ae6300c45f3fd2a,
        type: 3}
      propertyPath: m_LocalRotation.y
      value: 0
      objectReference: {fileID: 0}
    - target: {fileID: 3056504159277003707, guid: 9a5e8ba990b875e46ae6300c45f3fd2a,
        type: 3}
      propertyPath: m_LocalRotation.z
      value: 0
      objectReference: {fileID: 0}
    - target: {fileID: 3056504159277003707, guid: 9a5e8ba990b875e46ae6300c45f3fd2a,
        type: 3}
      propertyPath: m_LocalRotation.w
      value: 1
      objectReference: {fileID: 0}
    - target: {fileID: 3056504159277003707, guid: 9a5e8ba990b875e46ae6300c45f3fd2a,
        type: 3}
      propertyPath: m_RootOrder
      value: 5
      objectReference: {fileID: 0}
    - target: {fileID: 3056504159277003707, guid: 9a5e8ba990b875e46ae6300c45f3fd2a,
        type: 3}
      propertyPath: m_LocalEulerAnglesHint.x
      value: 0
      objectReference: {fileID: 0}
    - target: {fileID: 3056504159277003707, guid: 9a5e8ba990b875e46ae6300c45f3fd2a,
        type: 3}
      propertyPath: m_LocalEulerAnglesHint.y
      value: 0
      objectReference: {fileID: 0}
    - target: {fileID: 3056504159277003707, guid: 9a5e8ba990b875e46ae6300c45f3fd2a,
        type: 3}
      propertyPath: m_LocalEulerAnglesHint.z
      value: 0
      objectReference: {fileID: 0}
    - target: {fileID: 7016196779479249654, guid: 9a5e8ba990b875e46ae6300c45f3fd2a,
        type: 3}
      propertyPath: m_Name
      value: GoodCoin (5)
      objectReference: {fileID: 0}
    m_RemovedComponents: []
  m_SourcePrefab: {fileID: 100100000, guid: 9a5e8ba990b875e46ae6300c45f3fd2a, type: 3}
--- !u!1 &384131827103034399 stripped
GameObject:
  m_CorrespondingSourceObject: {fileID: 7016196779479249654, guid: 9a5e8ba990b875e46ae6300c45f3fd2a,
    type: 3}
  m_PrefabInstance: {fileID: 7208640195770212073}
  m_PrefabAsset: {fileID: 0}
--- !u!4 &5647758325392731474 stripped
Transform:
  m_CorrespondingSourceObject: {fileID: 3056504159277003707, guid: 9a5e8ba990b875e46ae6300c45f3fd2a,
    type: 3}
  m_PrefabInstance: {fileID: 7208640195770212073}
  m_PrefabAsset: {fileID: 0}
--- !u!1001 &7482657057284354804
PrefabInstance:
  m_ObjectHideFlags: 0
  serializedVersion: 2
  m_Modification:
    m_TransformParent: {fileID: 8789826680616657582}
    m_Modifications:
    - target: {fileID: 3056504159277003707, guid: 9a5e8ba990b875e46ae6300c45f3fd2a,
        type: 3}
      propertyPath: m_LocalPosition.x
      value: -9.236386
      objectReference: {fileID: 0}
    - target: {fileID: 3056504159277003707, guid: 9a5e8ba990b875e46ae6300c45f3fd2a,
        type: 3}
      propertyPath: m_LocalPosition.y
      value: -7.040833
      objectReference: {fileID: 0}
    - target: {fileID: 3056504159277003707, guid: 9a5e8ba990b875e46ae6300c45f3fd2a,
        type: 3}
      propertyPath: m_LocalPosition.z
      value: 2.69
      objectReference: {fileID: 0}
    - target: {fileID: 3056504159277003707, guid: 9a5e8ba990b875e46ae6300c45f3fd2a,
        type: 3}
      propertyPath: m_LocalRotation.x
      value: 0
      objectReference: {fileID: 0}
    - target: {fileID: 3056504159277003707, guid: 9a5e8ba990b875e46ae6300c45f3fd2a,
        type: 3}
      propertyPath: m_LocalRotation.y
      value: 0
      objectReference: {fileID: 0}
    - target: {fileID: 3056504159277003707, guid: 9a5e8ba990b875e46ae6300c45f3fd2a,
        type: 3}
      propertyPath: m_LocalRotation.z
      value: 0
      objectReference: {fileID: 0}
    - target: {fileID: 3056504159277003707, guid: 9a5e8ba990b875e46ae6300c45f3fd2a,
        type: 3}
      propertyPath: m_LocalRotation.w
      value: 1
      objectReference: {fileID: 0}
    - target: {fileID: 3056504159277003707, guid: 9a5e8ba990b875e46ae6300c45f3fd2a,
        type: 3}
      propertyPath: m_RootOrder
      value: 7
      objectReference: {fileID: 0}
    - target: {fileID: 3056504159277003707, guid: 9a5e8ba990b875e46ae6300c45f3fd2a,
        type: 3}
      propertyPath: m_LocalEulerAnglesHint.x
      value: 0
      objectReference: {fileID: 0}
    - target: {fileID: 3056504159277003707, guid: 9a5e8ba990b875e46ae6300c45f3fd2a,
        type: 3}
      propertyPath: m_LocalEulerAnglesHint.y
      value: 0
      objectReference: {fileID: 0}
    - target: {fileID: 3056504159277003707, guid: 9a5e8ba990b875e46ae6300c45f3fd2a,
        type: 3}
      propertyPath: m_LocalEulerAnglesHint.z
      value: 0
      objectReference: {fileID: 0}
    - target: {fileID: 7016196779479249654, guid: 9a5e8ba990b875e46ae6300c45f3fd2a,
        type: 3}
      propertyPath: m_Name
      value: GoodCoin (7)
      objectReference: {fileID: 0}
    m_RemovedComponents: []
  m_SourcePrefab: {fileID: 100100000, guid: 9a5e8ba990b875e46ae6300c45f3fd2a, type: 3}
--- !u!1 &470966179806658562 stripped
GameObject:
  m_CorrespondingSourceObject: {fileID: 7016196779479249654, guid: 9a5e8ba990b875e46ae6300c45f3fd2a,
    type: 3}
  m_PrefabInstance: {fileID: 7482657057284354804}
  m_PrefabAsset: {fileID: 0}
--- !u!4 &5601737571592126799 stripped
Transform:
  m_CorrespondingSourceObject: {fileID: 3056504159277003707, guid: 9a5e8ba990b875e46ae6300c45f3fd2a,
    type: 3}
  m_PrefabInstance: {fileID: 7482657057284354804}
  m_PrefabAsset: {fileID: 0}
--- !u!1001 &8478777701606216888
PrefabInstance:
  m_ObjectHideFlags: 0
  serializedVersion: 2
  m_Modification:
    m_TransformParent: {fileID: 8789826680616657582}
    m_Modifications:
    - target: {fileID: 5277388122404447461, guid: c5abcd9c05fa55041b78816699cd7a55,
        type: 3}
      propertyPath: m_LocalPosition.x
      value: -8.96
      objectReference: {fileID: 0}
    - target: {fileID: 5277388122404447461, guid: c5abcd9c05fa55041b78816699cd7a55,
        type: 3}
      propertyPath: m_LocalPosition.y
      value: -7.040832
      objectReference: {fileID: 0}
    - target: {fileID: 5277388122404447461, guid: c5abcd9c05fa55041b78816699cd7a55,
        type: 3}
      propertyPath: m_LocalPosition.z
      value: 14.66
      objectReference: {fileID: 0}
    - target: {fileID: 5277388122404447461, guid: c5abcd9c05fa55041b78816699cd7a55,
        type: 3}
      propertyPath: m_LocalRotation.x
      value: -0.51704043
      objectReference: {fileID: 0}
    - target: {fileID: 5277388122404447461, guid: c5abcd9c05fa55041b78816699cd7a55,
        type: 3}
      propertyPath: m_LocalRotation.y
      value: -0.48235816
      objectReference: {fileID: 0}
    - target: {fileID: 5277388122404447461, guid: c5abcd9c05fa55041b78816699cd7a55,
        type: 3}
      propertyPath: m_LocalRotation.z
      value: -0.48235804
      objectReference: {fileID: 0}
    - target: {fileID: 5277388122404447461, guid: c5abcd9c05fa55041b78816699cd7a55,
        type: 3}
      propertyPath: m_LocalRotation.w
      value: 0.5170403
      objectReference: {fileID: 0}
    - target: {fileID: 5277388122404447461, guid: c5abcd9c05fa55041b78816699cd7a55,
        type: 3}
      propertyPath: m_RootOrder
      value: 8
      objectReference: {fileID: 0}
    - target: {fileID: 5277388122404447461, guid: c5abcd9c05fa55041b78816699cd7a55,
        type: 3}
      propertyPath: m_LocalEulerAnglesHint.x
      value: -90.00001
      objectReference: {fileID: 0}
    - target: {fileID: 5277388122404447461, guid: c5abcd9c05fa55041b78816699cd7a55,
        type: 3}
      propertyPath: m_LocalEulerAnglesHint.y
      value: 0
      objectReference: {fileID: 0}
    - target: {fileID: 5277388122404447461, guid: c5abcd9c05fa55041b78816699cd7a55,
        type: 3}
      propertyPath: m_LocalEulerAnglesHint.z
      value: -86.025
      objectReference: {fileID: 0}
    - target: {fileID: 5277388122404447461, guid: c5abcd9c05fa55041b78816699cd7a55,
        type: 3}
      propertyPath: m_LocalScale.x
      value: 3000
      objectReference: {fileID: 0}
    - target: {fileID: 5277388122404447461, guid: c5abcd9c05fa55041b78816699cd7a55,
        type: 3}
      propertyPath: m_LocalScale.y
      value: 3000
      objectReference: {fileID: 0}
    - target: {fileID: 5277388122404447461, guid: c5abcd9c05fa55041b78816699cd7a55,
        type: 3}
      propertyPath: m_LocalScale.z
      value: 3000
      objectReference: {fileID: 0}
    - target: {fileID: 9180118699881699062, guid: c5abcd9c05fa55041b78816699cd7a55,
        type: 3}
      propertyPath: m_Name
      value: red_pepper_FBX
      objectReference: {fileID: 0}
    m_RemovedComponents: []
  m_SourcePrefab: {fileID: 100100000, guid: c5abcd9c05fa55041b78816699cd7a55, type: 3}
--- !u!4 &4366142999847350365 stripped
Transform:
  m_CorrespondingSourceObject: {fileID: 5277388122404447461, guid: c5abcd9c05fa55041b78816699cd7a55,
    type: 3}
  m_PrefabInstance: {fileID: 8478777701606216888}
  m_PrefabAsset: {fileID: 0}
--- !u!1001 &8505876189186394921
PrefabInstance:
  m_ObjectHideFlags: 0
  serializedVersion: 2
  m_Modification:
    m_TransformParent: {fileID: 8789826680616657582}
    m_Modifications:
    - target: {fileID: 3056504159277003707, guid: 9a5e8ba990b875e46ae6300c45f3fd2a,
        type: 3}
      propertyPath: m_LocalPosition.x
      value: -9.236386
      objectReference: {fileID: 0}
    - target: {fileID: 3056504159277003707, guid: 9a5e8ba990b875e46ae6300c45f3fd2a,
        type: 3}
      propertyPath: m_LocalPosition.y
      value: -7.040833
      objectReference: {fileID: 0}
    - target: {fileID: 3056504159277003707, guid: 9a5e8ba990b875e46ae6300c45f3fd2a,
        type: 3}
      propertyPath: m_LocalPosition.z
      value: 17.7
      objectReference: {fileID: 0}
    - target: {fileID: 3056504159277003707, guid: 9a5e8ba990b875e46ae6300c45f3fd2a,
        type: 3}
      propertyPath: m_LocalRotation.x
      value: 0
      objectReference: {fileID: 0}
    - target: {fileID: 3056504159277003707, guid: 9a5e8ba990b875e46ae6300c45f3fd2a,
        type: 3}
      propertyPath: m_LocalRotation.y
      value: 0
      objectReference: {fileID: 0}
    - target: {fileID: 3056504159277003707, guid: 9a5e8ba990b875e46ae6300c45f3fd2a,
        type: 3}
      propertyPath: m_LocalRotation.z
      value: 0
      objectReference: {fileID: 0}
    - target: {fileID: 3056504159277003707, guid: 9a5e8ba990b875e46ae6300c45f3fd2a,
        type: 3}
      propertyPath: m_LocalRotation.w
      value: 1
      objectReference: {fileID: 0}
    - target: {fileID: 3056504159277003707, guid: 9a5e8ba990b875e46ae6300c45f3fd2a,
        type: 3}
      propertyPath: m_RootOrder
      value: 3
      objectReference: {fileID: 0}
    - target: {fileID: 3056504159277003707, guid: 9a5e8ba990b875e46ae6300c45f3fd2a,
        type: 3}
      propertyPath: m_LocalEulerAnglesHint.x
      value: 0
      objectReference: {fileID: 0}
    - target: {fileID: 3056504159277003707, guid: 9a5e8ba990b875e46ae6300c45f3fd2a,
        type: 3}
      propertyPath: m_LocalEulerAnglesHint.y
      value: 0
      objectReference: {fileID: 0}
    - target: {fileID: 3056504159277003707, guid: 9a5e8ba990b875e46ae6300c45f3fd2a,
        type: 3}
      propertyPath: m_LocalEulerAnglesHint.z
      value: 0
      objectReference: {fileID: 0}
    - target: {fileID: 7016196779479249654, guid: 9a5e8ba990b875e46ae6300c45f3fd2a,
        type: 3}
      propertyPath: m_Name
      value: GoodCoin (3)
      objectReference: {fileID: 0}
    m_RemovedComponents: []
  m_SourcePrefab: {fileID: 100100000, guid: 9a5e8ba990b875e46ae6300c45f3fd2a, type: 3}
--- !u!4 &6656341162722146450 stripped
Transform:
  m_CorrespondingSourceObject: {fileID: 3056504159277003707, guid: 9a5e8ba990b875e46ae6300c45f3fd2a,
    type: 3}
  m_PrefabInstance: {fileID: 8505876189186394921}
  m_PrefabAsset: {fileID: 0}
--- !u!1 &1681101188917967327 stripped
GameObject:
  m_CorrespondingSourceObject: {fileID: 7016196779479249654, guid: 9a5e8ba990b875e46ae6300c45f3fd2a,
    type: 3}
  m_PrefabInstance: {fileID: 8505876189186394921}
  m_PrefabAsset: {fileID: 0}
--- !u!1001 &8971558890059358822
PrefabInstance:
  m_ObjectHideFlags: 0
  serializedVersion: 2
  m_Modification:
    m_TransformParent: {fileID: 8789826680616657582}
    m_Modifications:
    - target: {fileID: 3056504159277003707, guid: 9a5e8ba990b875e46ae6300c45f3fd2a,
        type: 3}
      propertyPath: m_LocalPosition.x
      value: -9.236386
      objectReference: {fileID: 0}
    - target: {fileID: 3056504159277003707, guid: 9a5e8ba990b875e46ae6300c45f3fd2a,
        type: 3}
      propertyPath: m_LocalPosition.y
      value: -7.040833
      objectReference: {fileID: 0}
    - target: {fileID: 3056504159277003707, guid: 9a5e8ba990b875e46ae6300c45f3fd2a,
        type: 3}
      propertyPath: m_LocalPosition.z
      value: 11.64
      objectReference: {fileID: 0}
    - target: {fileID: 3056504159277003707, guid: 9a5e8ba990b875e46ae6300c45f3fd2a,
        type: 3}
      propertyPath: m_LocalRotation.x
      value: 0
      objectReference: {fileID: 0}
    - target: {fileID: 3056504159277003707, guid: 9a5e8ba990b875e46ae6300c45f3fd2a,
        type: 3}
      propertyPath: m_LocalRotation.y
      value: 0
      objectReference: {fileID: 0}
    - target: {fileID: 3056504159277003707, guid: 9a5e8ba990b875e46ae6300c45f3fd2a,
        type: 3}
      propertyPath: m_LocalRotation.z
      value: 0
      objectReference: {fileID: 0}
    - target: {fileID: 3056504159277003707, guid: 9a5e8ba990b875e46ae6300c45f3fd2a,
        type: 3}
      propertyPath: m_LocalRotation.w
      value: 1
      objectReference: {fileID: 0}
    - target: {fileID: 3056504159277003707, guid: 9a5e8ba990b875e46ae6300c45f3fd2a,
        type: 3}
      propertyPath: m_RootOrder
      value: 4
      objectReference: {fileID: 0}
    - target: {fileID: 3056504159277003707, guid: 9a5e8ba990b875e46ae6300c45f3fd2a,
        type: 3}
      propertyPath: m_LocalEulerAnglesHint.x
      value: 0
      objectReference: {fileID: 0}
    - target: {fileID: 3056504159277003707, guid: 9a5e8ba990b875e46ae6300c45f3fd2a,
        type: 3}
      propertyPath: m_LocalEulerAnglesHint.y
      value: 0
      objectReference: {fileID: 0}
    - target: {fileID: 3056504159277003707, guid: 9a5e8ba990b875e46ae6300c45f3fd2a,
        type: 3}
      propertyPath: m_LocalEulerAnglesHint.z
      value: 0
      objectReference: {fileID: 0}
    - target: {fileID: 7016196779479249654, guid: 9a5e8ba990b875e46ae6300c45f3fd2a,
        type: 3}
      propertyPath: m_Name
      value: GoodCoin (4)
      objectReference: {fileID: 0}
    m_RemovedComponents: []
  m_SourcePrefab: {fileID: 100100000, guid: 9a5e8ba990b875e46ae6300c45f3fd2a, type: 3}
--- !u!4 &6263243812861759965 stripped
Transform:
  m_CorrespondingSourceObject: {fileID: 3056504159277003707, guid: 9a5e8ba990b875e46ae6300c45f3fd2a,
    type: 3}
  m_PrefabInstance: {fileID: 8971558890059358822}
  m_PrefabAsset: {fileID: 0}
--- !u!1 &2152694829940068496 stripped
GameObject:
  m_CorrespondingSourceObject: {fileID: 7016196779479249654, guid: 9a5e8ba990b875e46ae6300c45f3fd2a,
    type: 3}
  m_PrefabInstance: {fileID: 8971558890059358822}
  m_PrefabAsset: {fileID: 0}
