%YAML 1.1
%TAG !u! tag:unity3d.com,2011:
--- !u!65 &4937804987085569948
BoxCollider:
  m_ObjectHideFlags: 0
  m_CorrespondingSourceObject: {fileID: 0}
  m_PrefabInstance: {fileID: 0}
  m_PrefabAsset: {fileID: 0}
  m_GameObject: {fileID: 455151353322951640}
  m_Material: {fileID: 0}
  m_IsTrigger: 1
  m_Enabled: 1
  serializedVersion: 2
  m_Size: {x: 0.04999999, y: 0.04999999, z: 0.02}
  m_Center: {x: -0.000000007450581, y: 0, z: 0.000000059604645}
--- !u!65 &4214588770290846062
BoxCollider:
  m_ObjectHideFlags: 0
  m_CorrespondingSourceObject: {fileID: 0}
  m_PrefabInstance: {fileID: 0}
  m_PrefabAsset: {fileID: 0}
  m_GameObject: {fileID: 850551754914644395}
  m_Material: {fileID: 0}
  m_IsTrigger: 1
  m_Enabled: 1
  serializedVersion: 2
  m_Size: {x: 0.04999999, y: 0.04999999, z: 0.02}
  m_Center: {x: -0.000000007450581, y: 0, z: 0}
--- !u!65 &3398432915491693593
BoxCollider:
  m_ObjectHideFlags: 0
  m_CorrespondingSourceObject: {fileID: 0}
  m_PrefabInstance: {fileID: 0}
  m_PrefabAsset: {fileID: 0}
  m_GameObject: {fileID: 1477766146710891099}
  m_Material: {fileID: 0}
  m_IsTrigger: 1
  m_Enabled: 1
  serializedVersion: 2
  m_Size: {x: 0.04999999, y: 0.04999999, z: 0.02}
  m_Center: {x: -0.000000007450581, y: 0, z: 0.000000074505806}
--- !u!65 &7585979499200071033
BoxCollider:
  m_ObjectHideFlags: 0
  m_CorrespondingSourceObject: {fileID: 0}
  m_PrefabInstance: {fileID: 0}
  m_PrefabAsset: {fileID: 0}
  m_GameObject: {fileID: 1827152051268488166}
  m_Material: {fileID: 0}
  m_IsTrigger: 1
  m_Enabled: 1
  serializedVersion: 2
  m_Size: {x: 0.04999999, y: 0.04999999, z: 0.02}
  m_Center: {x: -0.000000007450581, y: 0, z: 0.000000059604645}
--- !u!65 &1214331573896322050
BoxCollider:
  m_ObjectHideFlags: 0
  m_CorrespondingSourceObject: {fileID: 0}
  m_PrefabInstance: {fileID: 0}
  m_PrefabAsset: {fileID: 0}
  m_GameObject: {fileID: 1980327367067031971}
  m_Material: {fileID: 0}
  m_IsTrigger: 1
  m_Enabled: 1
  serializedVersion: 2
  m_Size: {x: 0.04999999, y: 0.04999999, z: 0.02}
  m_Center: {x: -0.000000007450581, y: 0, z: 0}
--- !u!65 &8331507954478519155
BoxCollider:
  m_ObjectHideFlags: 0
  m_CorrespondingSourceObject: {fileID: 0}
  m_PrefabInstance: {fileID: 0}
  m_PrefabAsset: {fileID: 0}
  m_GameObject: {fileID: 5815123990296598933}
  m_Material: {fileID: 0}
  m_IsTrigger: 1
  m_Enabled: 1
  serializedVersion: 2
  m_Size: {x: 0.04999999, y: 0.04999999, z: 0.02}
  m_Center: {x: -0.000000007450581, y: 0, z: 0.000000059604645}
--- !u!65 &145877526902644504
BoxCollider:
  m_ObjectHideFlags: 0
  m_CorrespondingSourceObject: {fileID: 0}
  m_PrefabInstance: {fileID: 0}
  m_PrefabAsset: {fileID: 0}
  m_GameObject: {fileID: 7939366793979951347}
  m_Material: {fileID: 0}
  m_IsTrigger: 1
  m_Enabled: 1
  serializedVersion: 2
  m_Size: {x: 0.04999999, y: 0.04999999, z: 0.02}
  m_Center: {x: -0.000000007450581, y: 0, z: 0}
--- !u!1 &8036765366654934660
GameObject:
  m_ObjectHideFlags: 0
  m_CorrespondingSourceObject: {fileID: 0}
  m_PrefabInstance: {fileID: 0}
  m_PrefabAsset: {fileID: 0}
  serializedVersion: 6
  m_Component:
  - component: {fileID: 2886516480454247085}
  m_Layer: 0
  m_Name: StraightJumpPower
  m_TagString: Untagged
  m_Icon: {fileID: 0}
  m_NavMeshLayer: 0
  m_StaticEditorFlags: 0
  m_IsActive: 1
--- !u!4 &2886516480454247085
Transform:
  m_ObjectHideFlags: 0
  m_CorrespondingSourceObject: {fileID: 0}
  m_PrefabInstance: {fileID: 0}
  m_PrefabAsset: {fileID: 0}
  m_GameObject: {fileID: 8036765366654934660}
  m_LocalRotation: {x: -0, y: -0, z: -0, w: 1}
  m_LocalPosition: {x: 4.3945312, y: 2.8205566, z: -28.638733}
  m_LocalScale: {x: 1, y: 1, z: 1}
  m_Children:
  - {fileID: 5787093244796983534}
  - {fileID: 4457465306603439040}
  - {fileID: 2673492838151944638}
  - {fileID: 4681966570181345510}
  - {fileID: 6896840486072412950}
  - {fileID: 1983576078120589528}
  - {fileID: 5576984814918455957}
  - {fileID: 5940021987606792875}
  - {fileID: 8626982818721908002}
  m_Father: {fileID: 0}
  m_RootOrder: 0
  m_LocalEulerAnglesHint: {x: 0, y: 0, z: 0}
--- !u!65 &5404689468781020588
BoxCollider:
  m_ObjectHideFlags: 0
  m_CorrespondingSourceObject: {fileID: 0}
  m_PrefabInstance: {fileID: 0}
  m_PrefabAsset: {fileID: 0}
  m_GameObject: {fileID: 8568224249336414861}
  m_Material: {fileID: 0}
  m_IsTrigger: 1
  m_Enabled: 1
  serializedVersion: 2
  m_Size: {x: 0.04999999, y: 0.04999999, z: 0.02}
  m_Center: {x: -0.000000007450581, y: 0, z: 0}
--- !u!65 &8246925095228306970
BoxCollider:
  m_ObjectHideFlags: 0
  m_CorrespondingSourceObject: {fileID: 0}
  m_PrefabInstance: {fileID: 0}
  m_PrefabAsset: {fileID: 0}
  m_GameObject: {fileID: 8624647282779314864}
  m_Material: {fileID: 0}
  m_IsTrigger: 1
  m_Enabled: 1
  serializedVersion: 2
  m_Size: {x: 0.014724018, y: 0.014724016, z: 0.015744768}
  m_Center: {x: -0.0000000016298145, y: -0.0000000051222733, z: -0.0000000018626451}
--- !u!114 &3183607661934940827
MonoBehaviour:
  m_ObjectHideFlags: 0
  m_CorrespondingSourceObject: {fileID: 0}
  m_PrefabInstance: {fileID: 0}
  m_PrefabAsset: {fileID: 0}
  m_GameObject: {fileID: 8624647282779314864}
  m_Enabled: 1
  m_EditorHideFlags: 0
  m_Script: {fileID: 11500000, guid: aa0695f247eec7d16bad2101df1433c5, type: 3}
  m_Name: 
  m_EditorClassIdentifier: 
--- !u!1001 &1112606557652994565
PrefabInstance:
  m_ObjectHideFlags: 0
  serializedVersion: 2
  m_Modification:
    m_TransformParent: {fileID: 2886516480454247085}
    m_Modifications:
    - target: {fileID: 3056504159277003707, guid: 9a5e8ba990b875e46ae6300c45f3fd2a,
        type: 3}
      propertyPath: m_LocalPosition.x
      value: -9.339902
      objectReference: {fileID: 0}
    - target: {fileID: 3056504159277003707, guid: 9a5e8ba990b875e46ae6300c45f3fd2a,
        type: 3}
      propertyPath: m_LocalPosition.y
      value: -5.366455
      objectReference: {fileID: 0}
    - target: {fileID: 3056504159277003707, guid: 9a5e8ba990b875e46ae6300c45f3fd2a,
        type: 3}
      propertyPath: m_LocalPosition.z
      value: 35.38
      objectReference: {fileID: 0}
    - target: {fileID: 3056504159277003707, guid: 9a5e8ba990b875e46ae6300c45f3fd2a,
        type: 3}
      propertyPath: m_LocalRotation.x
      value: 0
      objectReference: {fileID: 0}
    - target: {fileID: 3056504159277003707, guid: 9a5e8ba990b875e46ae6300c45f3fd2a,
        type: 3}
      propertyPath: m_LocalRotation.y
      value: 0
      objectReference: {fileID: 0}
    - target: {fileID: 3056504159277003707, guid: 9a5e8ba990b875e46ae6300c45f3fd2a,
        type: 3}
      propertyPath: m_LocalRotation.z
      value: 0
      objectReference: {fileID: 0}
    - target: {fileID: 3056504159277003707, guid: 9a5e8ba990b875e46ae6300c45f3fd2a,
        type: 3}
      propertyPath: m_LocalRotation.w
      value: 1
      objectReference: {fileID: 0}
    - target: {fileID: 3056504159277003707, guid: 9a5e8ba990b875e46ae6300c45f3fd2a,
        type: 3}
      propertyPath: m_RootOrder
      value: 2
      objectReference: {fileID: 0}
    - target: {fileID: 3056504159277003707, guid: 9a5e8ba990b875e46ae6300c45f3fd2a,
        type: 3}
      propertyPath: m_LocalEulerAnglesHint.x
      value: 0
      objectReference: {fileID: 0}
    - target: {fileID: 3056504159277003707, guid: 9a5e8ba990b875e46ae6300c45f3fd2a,
        type: 3}
      propertyPath: m_LocalEulerAnglesHint.y
      value: 0
      objectReference: {fileID: 0}
    - target: {fileID: 3056504159277003707, guid: 9a5e8ba990b875e46ae6300c45f3fd2a,
        type: 3}
      propertyPath: m_LocalEulerAnglesHint.z
      value: 0
      objectReference: {fileID: 0}
    - target: {fileID: 7016196779479249654, guid: 9a5e8ba990b875e46ae6300c45f3fd2a,
        type: 3}
      propertyPath: m_Name
      value: GoodCoin (2)
      objectReference: {fileID: 0}
    m_RemovedComponents: []
  m_SourcePrefab: {fileID: 100100000, guid: 9a5e8ba990b875e46ae6300c45f3fd2a, type: 3}
--- !u!1 &7939366793979951347 stripped
GameObject:
  m_CorrespondingSourceObject: {fileID: 7016196779479249654, guid: 9a5e8ba990b875e46ae6300c45f3fd2a,
    type: 3}
  m_PrefabInstance: {fileID: 1112606557652994565}
  m_PrefabAsset: {fileID: 0}
--- !u!4 &2673492838151944638 stripped
Transform:
  m_CorrespondingSourceObject: {fileID: 3056504159277003707, guid: 9a5e8ba990b875e46ae6300c45f3fd2a,
    type: 3}
  m_PrefabInstance: {fileID: 1112606557652994565}
  m_PrefabAsset: {fileID: 0}
--- !u!1001 &1708829373186732155
PrefabInstance:
  m_ObjectHideFlags: 0
  serializedVersion: 2
  m_Modification:
    m_TransformParent: {fileID: 2886516480454247085}
    m_Modifications:
    - target: {fileID: 3056504159277003707, guid: 9a5e8ba990b875e46ae6300c45f3fd2a,
        type: 3}
      propertyPath: m_LocalPosition.x
      value: -9.339902
      objectReference: {fileID: 0}
    - target: {fileID: 3056504159277003707, guid: 9a5e8ba990b875e46ae6300c45f3fd2a,
        type: 3}
      propertyPath: m_LocalPosition.y
      value: -5.366455
      objectReference: {fileID: 0}
    - target: {fileID: 3056504159277003707, guid: 9a5e8ba990b875e46ae6300c45f3fd2a,
        type: 3}
      propertyPath: m_LocalPosition.z
      value: 38.391
      objectReference: {fileID: 0}
    - target: {fileID: 3056504159277003707, guid: 9a5e8ba990b875e46ae6300c45f3fd2a,
        type: 3}
      propertyPath: m_LocalRotation.x
      value: 0
      objectReference: {fileID: 0}
    - target: {fileID: 3056504159277003707, guid: 9a5e8ba990b875e46ae6300c45f3fd2a,
        type: 3}
      propertyPath: m_LocalRotation.y
      value: 0
      objectReference: {fileID: 0}
    - target: {fileID: 3056504159277003707, guid: 9a5e8ba990b875e46ae6300c45f3fd2a,
        type: 3}
      propertyPath: m_LocalRotation.z
      value: 0
      objectReference: {fileID: 0}
    - target: {fileID: 3056504159277003707, guid: 9a5e8ba990b875e46ae6300c45f3fd2a,
        type: 3}
      propertyPath: m_LocalRotation.w
      value: 1
      objectReference: {fileID: 0}
    - target: {fileID: 3056504159277003707, guid: 9a5e8ba990b875e46ae6300c45f3fd2a,
        type: 3}
      propertyPath: m_RootOrder
      value: 1
      objectReference: {fileID: 0}
    - target: {fileID: 3056504159277003707, guid: 9a5e8ba990b875e46ae6300c45f3fd2a,
        type: 3}
      propertyPath: m_LocalEulerAnglesHint.x
      value: 0
      objectReference: {fileID: 0}
    - target: {fileID: 3056504159277003707, guid: 9a5e8ba990b875e46ae6300c45f3fd2a,
        type: 3}
      propertyPath: m_LocalEulerAnglesHint.y
      value: 0
      objectReference: {fileID: 0}
    - target: {fileID: 3056504159277003707, guid: 9a5e8ba990b875e46ae6300c45f3fd2a,
        type: 3}
      propertyPath: m_LocalEulerAnglesHint.z
      value: 0
      objectReference: {fileID: 0}
    - target: {fileID: 7016196779479249654, guid: 9a5e8ba990b875e46ae6300c45f3fd2a,
        type: 3}
      propertyPath: m_Name
      value: GoodCoin (1)
      objectReference: {fileID: 0}
    m_RemovedComponents: []
  m_SourcePrefab: {fileID: 100100000, guid: 9a5e8ba990b875e46ae6300c45f3fd2a, type: 3}
--- !u!1 &8568224249336414861 stripped
GameObject:
  m_CorrespondingSourceObject: {fileID: 7016196779479249654, guid: 9a5e8ba990b875e46ae6300c45f3fd2a,
    type: 3}
  m_PrefabInstance: {fileID: 1708829373186732155}
  m_PrefabAsset: {fileID: 0}
--- !u!4 &4457465306603439040 stripped
Transform:
  m_CorrespondingSourceObject: {fileID: 3056504159277003707, guid: 9a5e8ba990b875e46ae6300c45f3fd2a,
    type: 3}
  m_PrefabInstance: {fileID: 1708829373186732155}
  m_PrefabAsset: {fileID: 0}
--- !u!1001 &3597797457387498339
PrefabInstance:
  m_ObjectHideFlags: 0
  serializedVersion: 2
  m_Modification:
    m_TransformParent: {fileID: 2886516480454247085}
    m_Modifications:
    - target: {fileID: 3056504159277003707, guid: 9a5e8ba990b875e46ae6300c45f3fd2a,
        type: 3}
      propertyPath: m_LocalPosition.x
      value: -9.339902
      objectReference: {fileID: 0}
    - target: {fileID: 3056504159277003707, guid: 9a5e8ba990b875e46ae6300c45f3fd2a,
        type: 3}
      propertyPath: m_LocalPosition.y
      value: -5.366455
      objectReference: {fileID: 0}
    - target: {fileID: 3056504159277003707, guid: 9a5e8ba990b875e46ae6300c45f3fd2a,
        type: 3}
      propertyPath: m_LocalPosition.z
      value: 23.38
      objectReference: {fileID: 0}
    - target: {fileID: 3056504159277003707, guid: 9a5e8ba990b875e46ae6300c45f3fd2a,
        type: 3}
      propertyPath: m_LocalRotation.x
      value: 0
      objectReference: {fileID: 0}
    - target: {fileID: 3056504159277003707, guid: 9a5e8ba990b875e46ae6300c45f3fd2a,
        type: 3}
      propertyPath: m_LocalRotation.y
      value: 0
      objectReference: {fileID: 0}
    - target: {fileID: 3056504159277003707, guid: 9a5e8ba990b875e46ae6300c45f3fd2a,
        type: 3}
      propertyPath: m_LocalRotation.z
      value: 0
      objectReference: {fileID: 0}
    - target: {fileID: 3056504159277003707, guid: 9a5e8ba990b875e46ae6300c45f3fd2a,
        type: 3}
      propertyPath: m_LocalRotation.w
      value: 1
      objectReference: {fileID: 0}
    - target: {fileID: 3056504159277003707, guid: 9a5e8ba990b875e46ae6300c45f3fd2a,
        type: 3}
      propertyPath: m_RootOrder
      value: 5
      objectReference: {fileID: 0}
    - target: {fileID: 3056504159277003707, guid: 9a5e8ba990b875e46ae6300c45f3fd2a,
        type: 3}
      propertyPath: m_LocalEulerAnglesHint.x
      value: 0
      objectReference: {fileID: 0}
    - target: {fileID: 3056504159277003707, guid: 9a5e8ba990b875e46ae6300c45f3fd2a,
        type: 3}
      propertyPath: m_LocalEulerAnglesHint.y
      value: 0
      objectReference: {fileID: 0}
    - target: {fileID: 3056504159277003707, guid: 9a5e8ba990b875e46ae6300c45f3fd2a,
        type: 3}
      propertyPath: m_LocalEulerAnglesHint.z
      value: 0
      objectReference: {fileID: 0}
    - target: {fileID: 7016196779479249654, guid: 9a5e8ba990b875e46ae6300c45f3fd2a,
        type: 3}
      propertyPath: m_Name
      value: GoodCoin (5)
      objectReference: {fileID: 0}
    m_RemovedComponents: []
  m_SourcePrefab: {fileID: 100100000, guid: 9a5e8ba990b875e46ae6300c45f3fd2a, type: 3}
--- !u!4 &1983576078120589528 stripped
Transform:
  m_CorrespondingSourceObject: {fileID: 3056504159277003707, guid: 9a5e8ba990b875e46ae6300c45f3fd2a,
    type: 3}
  m_PrefabInstance: {fileID: 3597797457387498339}
  m_PrefabAsset: {fileID: 0}
--- !u!1 &5815123990296598933 stripped
GameObject:
  m_CorrespondingSourceObject: {fileID: 7016196779479249654, guid: 9a5e8ba990b875e46ae6300c45f3fd2a,
    type: 3}
  m_PrefabInstance: {fileID: 3597797457387498339}
  m_PrefabAsset: {fileID: 0}
--- !u!1001 &7426308734609252654
PrefabInstance:
  m_ObjectHideFlags: 0
  serializedVersion: 2
  m_Modification:
    m_TransformParent: {fileID: 2886516480454247085}
    m_Modifications:
    - target: {fileID: 3056504159277003707, guid: 9a5e8ba990b875e46ae6300c45f3fd2a,
        type: 3}
      propertyPath: m_LocalPosition.x
      value: -9.339902
      objectReference: {fileID: 0}
    - target: {fileID: 3056504159277003707, guid: 9a5e8ba990b875e46ae6300c45f3fd2a,
        type: 3}
      propertyPath: m_LocalPosition.y
      value: -5.366455
      objectReference: {fileID: 0}
    - target: {fileID: 3056504159277003707, guid: 9a5e8ba990b875e46ae6300c45f3fd2a,
        type: 3}
      propertyPath: m_LocalPosition.z
      value: 20.38
      objectReference: {fileID: 0}
    - target: {fileID: 3056504159277003707, guid: 9a5e8ba990b875e46ae6300c45f3fd2a,
        type: 3}
      propertyPath: m_LocalRotation.x
      value: 0
      objectReference: {fileID: 0}
    - target: {fileID: 3056504159277003707, guid: 9a5e8ba990b875e46ae6300c45f3fd2a,
        type: 3}
      propertyPath: m_LocalRotation.y
      value: 0
      objectReference: {fileID: 0}
    - target: {fileID: 3056504159277003707, guid: 9a5e8ba990b875e46ae6300c45f3fd2a,
        type: 3}
      propertyPath: m_LocalRotation.z
      value: 0
      objectReference: {fileID: 0}
    - target: {fileID: 3056504159277003707, guid: 9a5e8ba990b875e46ae6300c45f3fd2a,
        type: 3}
      propertyPath: m_LocalRotation.w
      value: 1
      objectReference: {fileID: 0}
    - target: {fileID: 3056504159277003707, guid: 9a5e8ba990b875e46ae6300c45f3fd2a,
        type: 3}
      propertyPath: m_RootOrder
      value: 6
      objectReference: {fileID: 0}
    - target: {fileID: 3056504159277003707, guid: 9a5e8ba990b875e46ae6300c45f3fd2a,
        type: 3}
      propertyPath: m_LocalEulerAnglesHint.x
      value: 0
      objectReference: {fileID: 0}
    - target: {fileID: 3056504159277003707, guid: 9a5e8ba990b875e46ae6300c45f3fd2a,
        type: 3}
      propertyPath: m_LocalEulerAnglesHint.y
      value: 0
      objectReference: {fileID: 0}
    - target: {fileID: 3056504159277003707, guid: 9a5e8ba990b875e46ae6300c45f3fd2a,
        type: 3}
      propertyPath: m_LocalEulerAnglesHint.z
      value: 0
      objectReference: {fileID: 0}
    - target: {fileID: 7016196779479249654, guid: 9a5e8ba990b875e46ae6300c45f3fd2a,
        type: 3}
      propertyPath: m_Name
      value: GoodCoin (6)
      objectReference: {fileID: 0}
    m_RemovedComponents: []
  m_SourcePrefab: {fileID: 100100000, guid: 9a5e8ba990b875e46ae6300c45f3fd2a, type: 3}
--- !u!1 &455151353322951640 stripped
GameObject:
  m_CorrespondingSourceObject: {fileID: 7016196779479249654, guid: 9a5e8ba990b875e46ae6300c45f3fd2a,
    type: 3}
  m_PrefabInstance: {fileID: 7426308734609252654}
  m_PrefabAsset: {fileID: 0}
--- !u!4 &5576984814918455957 stripped
Transform:
  m_CorrespondingSourceObject: {fileID: 3056504159277003707, guid: 9a5e8ba990b875e46ae6300c45f3fd2a,
    type: 3}
  m_PrefabInstance: {fileID: 7426308734609252654}
  m_PrefabAsset: {fileID: 0}
--- !u!1001 &7679567124789752669
PrefabInstance:
  m_ObjectHideFlags: 0
  serializedVersion: 2
  m_Modification:
    m_TransformParent: {fileID: 2886516480454247085}
    m_Modifications:
    - target: {fileID: 3056504159277003707, guid: 9a5e8ba990b875e46ae6300c45f3fd2a,
        type: 3}
      propertyPath: m_LocalPosition.x
      value: -9.339902
      objectReference: {fileID: 0}
    - target: {fileID: 3056504159277003707, guid: 9a5e8ba990b875e46ae6300c45f3fd2a,
        type: 3}
      propertyPath: m_LocalPosition.y
      value: -5.366455
      objectReference: {fileID: 0}
    - target: {fileID: 3056504159277003707, guid: 9a5e8ba990b875e46ae6300c45f3fd2a,
        type: 3}
      propertyPath: m_LocalPosition.z
      value: 32.37
      objectReference: {fileID: 0}
    - target: {fileID: 3056504159277003707, guid: 9a5e8ba990b875e46ae6300c45f3fd2a,
        type: 3}
      propertyPath: m_LocalRotation.x
      value: 0
      objectReference: {fileID: 0}
    - target: {fileID: 3056504159277003707, guid: 9a5e8ba990b875e46ae6300c45f3fd2a,
        type: 3}
      propertyPath: m_LocalRotation.y
      value: 0
      objectReference: {fileID: 0}
    - target: {fileID: 3056504159277003707, guid: 9a5e8ba990b875e46ae6300c45f3fd2a,
        type: 3}
      propertyPath: m_LocalRotation.z
      value: 0
      objectReference: {fileID: 0}
    - target: {fileID: 3056504159277003707, guid: 9a5e8ba990b875e46ae6300c45f3fd2a,
        type: 3}
      propertyPath: m_LocalRotation.w
      value: 1
      objectReference: {fileID: 0}
    - target: {fileID: 3056504159277003707, guid: 9a5e8ba990b875e46ae6300c45f3fd2a,
        type: 3}
      propertyPath: m_RootOrder
      value: 3
      objectReference: {fileID: 0}
    - target: {fileID: 3056504159277003707, guid: 9a5e8ba990b875e46ae6300c45f3fd2a,
        type: 3}
      propertyPath: m_LocalEulerAnglesHint.x
      value: 0
      objectReference: {fileID: 0}
    - target: {fileID: 3056504159277003707, guid: 9a5e8ba990b875e46ae6300c45f3fd2a,
        type: 3}
      propertyPath: m_LocalEulerAnglesHint.y
      value: 0
      objectReference: {fileID: 0}
    - target: {fileID: 3056504159277003707, guid: 9a5e8ba990b875e46ae6300c45f3fd2a,
        type: 3}
      propertyPath: m_LocalEulerAnglesHint.z
      value: 0
      objectReference: {fileID: 0}
    - target: {fileID: 7016196779479249654, guid: 9a5e8ba990b875e46ae6300c45f3fd2a,
        type: 3}
      propertyPath: m_Name
      value: GoodCoin (3)
      objectReference: {fileID: 0}
    m_RemovedComponents: []
  m_SourcePrefab: {fileID: 100100000, guid: 9a5e8ba990b875e46ae6300c45f3fd2a, type: 3}
--- !u!1 &850551754914644395 stripped
GameObject:
  m_CorrespondingSourceObject: {fileID: 7016196779479249654, guid: 9a5e8ba990b875e46ae6300c45f3fd2a,
    type: 3}
  m_PrefabInstance: {fileID: 7679567124789752669}
  m_PrefabAsset: {fileID: 0}
--- !u!4 &4681966570181345510 stripped
Transform:
  m_CorrespondingSourceObject: {fileID: 3056504159277003707, guid: 9a5e8ba990b875e46ae6300c45f3fd2a,
    type: 3}
  m_PrefabInstance: {fileID: 7679567124789752669}
  m_PrefabAsset: {fileID: 0}
--- !u!1001 &8492836407437777069
PrefabInstance:
  m_ObjectHideFlags: 0
  serializedVersion: 2
  m_Modification:
    m_TransformParent: {fileID: 2886516480454247085}
    m_Modifications:
    - target: {fileID: 3056504159277003707, guid: 9a5e8ba990b875e46ae6300c45f3fd2a,
        type: 3}
      propertyPath: m_LocalPosition.x
      value: -9.339902
      objectReference: {fileID: 0}
    - target: {fileID: 3056504159277003707, guid: 9a5e8ba990b875e46ae6300c45f3fd2a,
        type: 3}
      propertyPath: m_LocalPosition.y
      value: -5.366455
      objectReference: {fileID: 0}
    - target: {fileID: 3056504159277003707, guid: 9a5e8ba990b875e46ae6300c45f3fd2a,
        type: 3}
      propertyPath: m_LocalPosition.z
      value: 26.36
      objectReference: {fileID: 0}
    - target: {fileID: 3056504159277003707, guid: 9a5e8ba990b875e46ae6300c45f3fd2a,
        type: 3}
      propertyPath: m_LocalRotation.x
      value: 0
      objectReference: {fileID: 0}
    - target: {fileID: 3056504159277003707, guid: 9a5e8ba990b875e46ae6300c45f3fd2a,
        type: 3}
      propertyPath: m_LocalRotation.y
      value: 0
      objectReference: {fileID: 0}
    - target: {fileID: 3056504159277003707, guid: 9a5e8ba990b875e46ae6300c45f3fd2a,
        type: 3}
      propertyPath: m_LocalRotation.z
      value: 0
      objectReference: {fileID: 0}
    - target: {fileID: 3056504159277003707, guid: 9a5e8ba990b875e46ae6300c45f3fd2a,
        type: 3}
      propertyPath: m_LocalRotation.w
      value: 1
      objectReference: {fileID: 0}
    - target: {fileID: 3056504159277003707, guid: 9a5e8ba990b875e46ae6300c45f3fd2a,
        type: 3}
      propertyPath: m_RootOrder
      value: 4
      objectReference: {fileID: 0}
    - target: {fileID: 3056504159277003707, guid: 9a5e8ba990b875e46ae6300c45f3fd2a,
        type: 3}
      propertyPath: m_LocalEulerAnglesHint.x
      value: 0
      objectReference: {fileID: 0}
    - target: {fileID: 3056504159277003707, guid: 9a5e8ba990b875e46ae6300c45f3fd2a,
        type: 3}
      propertyPath: m_LocalEulerAnglesHint.y
      value: 0
      objectReference: {fileID: 0}
    - target: {fileID: 3056504159277003707, guid: 9a5e8ba990b875e46ae6300c45f3fd2a,
        type: 3}
      propertyPath: m_LocalEulerAnglesHint.z
      value: 0
      objectReference: {fileID: 0}
    - target: {fileID: 7016196779479249654, guid: 9a5e8ba990b875e46ae6300c45f3fd2a,
        type: 3}
      propertyPath: m_Name
      value: GoodCoin (4)
      objectReference: {fileID: 0}
    m_RemovedComponents: []
  m_SourcePrefab: {fileID: 100100000, guid: 9a5e8ba990b875e46ae6300c45f3fd2a, type: 3}
--- !u!1 &1477766146710891099 stripped
GameObject:
  m_CorrespondingSourceObject: {fileID: 7016196779479249654, guid: 9a5e8ba990b875e46ae6300c45f3fd2a,
    type: 3}
  m_PrefabInstance: {fileID: 8492836407437777069}
  m_PrefabAsset: {fileID: 0}
--- !u!4 &6896840486072412950 stripped
Transform:
  m_CorrespondingSourceObject: {fileID: 3056504159277003707, guid: 9a5e8ba990b875e46ae6300c45f3fd2a,
    type: 3}
  m_PrefabInstance: {fileID: 8492836407437777069}
  m_PrefabAsset: {fileID: 0}
--- !u!1001 &8626250153473431268
PrefabInstance:
  m_ObjectHideFlags: 0
  serializedVersion: 2
  m_Modification:
    m_TransformParent: {fileID: 2886516480454247085}
    m_Modifications:
    - target: {fileID: 1829371231341652, guid: 426b44a7575f71e479fab4f4e8431989, type: 3}
      propertyPath: m_Name
      value: apple
      objectReference: {fileID: 0}
    - target: {fileID: 4411128782263238, guid: 426b44a7575f71e479fab4f4e8431989, type: 3}
      propertyPath: m_LocalPosition.x
      value: -9.339903
      objectReference: {fileID: 0}
    - target: {fileID: 4411128782263238, guid: 426b44a7575f71e479fab4f4e8431989, type: 3}
      propertyPath: m_LocalPosition.y
      value: -5.366455
      objectReference: {fileID: 0}
    - target: {fileID: 4411128782263238, guid: 426b44a7575f71e479fab4f4e8431989, type: 3}
      propertyPath: m_LocalPosition.z
      value: 29.36139
      objectReference: {fileID: 0}
    - target: {fileID: 4411128782263238, guid: 426b44a7575f71e479fab4f4e8431989, type: 3}
      propertyPath: m_LocalRotation.x
      value: -0.7071068
      objectReference: {fileID: 0}
    - target: {fileID: 4411128782263238, guid: 426b44a7575f71e479fab4f4e8431989, type: 3}
      propertyPath: m_LocalRotation.y
      value: 0
      objectReference: {fileID: 0}
    - target: {fileID: 4411128782263238, guid: 426b44a7575f71e479fab4f4e8431989, type: 3}
      propertyPath: m_LocalRotation.z
      value: -0
      objectReference: {fileID: 0}
    - target: {fileID: 4411128782263238, guid: 426b44a7575f71e479fab4f4e8431989, type: 3}
      propertyPath: m_LocalRotation.w
      value: 0.7071067
      objectReference: {fileID: 0}
    - target: {fileID: 4411128782263238, guid: 426b44a7575f71e479fab4f4e8431989, type: 3}
      propertyPath: m_RootOrder
      value: 8
      objectReference: {fileID: 0}
    - target: {fileID: 4411128782263238, guid: 426b44a7575f71e479fab4f4e8431989, type: 3}
      propertyPath: m_LocalEulerAnglesHint.x
      value: 0
      objectReference: {fileID: 0}
    - target: {fileID: 4411128782263238, guid: 426b44a7575f71e479fab4f4e8431989, type: 3}
      propertyPath: m_LocalEulerAnglesHint.y
      value: 0
      objectReference: {fileID: 0}
    - target: {fileID: 4411128782263238, guid: 426b44a7575f71e479fab4f4e8431989, type: 3}
      propertyPath: m_LocalEulerAnglesHint.z
      value: 0
      objectReference: {fileID: 0}
    m_RemovedComponents: []
  m_SourcePrefab: {fileID: 100100000, guid: 426b44a7575f71e479fab4f4e8431989, type: 3}
--- !u!1 &8624647282779314864 stripped
GameObject:
  m_CorrespondingSourceObject: {fileID: 1829371231341652, guid: 426b44a7575f71e479fab4f4e8431989,
    type: 3}
  m_PrefabInstance: {fileID: 8626250153473431268}
  m_PrefabAsset: {fileID: 0}
--- !u!4 &8626982818721908002 stripped
Transform:
  m_CorrespondingSourceObject: {fileID: 4411128782263238, guid: 426b44a7575f71e479fab4f4e8431989,
    type: 3}
  m_PrefabInstance: {fileID: 8626250153473431268}
  m_PrefabAsset: {fileID: 0}
--- !u!1001 &8648548251431450896
PrefabInstance:
  m_ObjectHideFlags: 0
  serializedVersion: 2
  m_Modification:
    m_TransformParent: {fileID: 2886516480454247085}
    m_Modifications:
    - target: {fileID: 3056504159277003707, guid: 9a5e8ba990b875e46ae6300c45f3fd2a,
        type: 3}
      propertyPath: m_LocalPosition.x
      value: -9.339902
      objectReference: {fileID: 0}
    - target: {fileID: 3056504159277003707, guid: 9a5e8ba990b875e46ae6300c45f3fd2a,
        type: 3}
      propertyPath: m_LocalPosition.y
      value: -5.366455
      objectReference: {fileID: 0}
    - target: {fileID: 3056504159277003707, guid: 9a5e8ba990b875e46ae6300c45f3fd2a,
        type: 3}
      propertyPath: m_LocalPosition.z
      value: 17.36
      objectReference: {fileID: 0}
    - target: {fileID: 3056504159277003707, guid: 9a5e8ba990b875e46ae6300c45f3fd2a,
        type: 3}
      propertyPath: m_LocalRotation.x
      value: 0
      objectReference: {fileID: 0}
    - target: {fileID: 3056504159277003707, guid: 9a5e8ba990b875e46ae6300c45f3fd2a,
        type: 3}
      propertyPath: m_LocalRotation.y
      value: 0
      objectReference: {fileID: 0}
    - target: {fileID: 3056504159277003707, guid: 9a5e8ba990b875e46ae6300c45f3fd2a,
        type: 3}
      propertyPath: m_LocalRotation.z
      value: 0
      objectReference: {fileID: 0}
    - target: {fileID: 3056504159277003707, guid: 9a5e8ba990b875e46ae6300c45f3fd2a,
        type: 3}
      propertyPath: m_LocalRotation.w
      value: 1
      objectReference: {fileID: 0}
    - target: {fileID: 3056504159277003707, guid: 9a5e8ba990b875e46ae6300c45f3fd2a,
        type: 3}
      propertyPath: m_RootOrder
      value: 7
      objectReference: {fileID: 0}
    - target: {fileID: 3056504159277003707, guid: 9a5e8ba990b875e46ae6300c45f3fd2a,
        type: 3}
      propertyPath: m_LocalEulerAnglesHint.x
      value: 0
      objectReference: {fileID: 0}
    - target: {fileID: 3056504159277003707, guid: 9a5e8ba990b875e46ae6300c45f3fd2a,
        type: 3}
      propertyPath: m_LocalEulerAnglesHint.y
      value: 0
      objectReference: {fileID: 0}
    - target: {fileID: 3056504159277003707, guid: 9a5e8ba990b875e46ae6300c45f3fd2a,
        type: 3}
      propertyPath: m_LocalEulerAnglesHint.z
      value: 0
      objectReference: {fileID: 0}
    - target: {fileID: 7016196779479249654, guid: 9a5e8ba990b875e46ae6300c45f3fd2a,
        type: 3}
      propertyPath: m_Name
      value: GoodCoin (7)
      objectReference: {fileID: 0}
    m_RemovedComponents: []
  m_SourcePrefab: {fileID: 100100000, guid: 9a5e8ba990b875e46ae6300c45f3fd2a, type: 3}
--- !u!1 &1827152051268488166 stripped
GameObject:
  m_CorrespondingSourceObject: {fileID: 7016196779479249654, guid: 9a5e8ba990b875e46ae6300c45f3fd2a,
    type: 3}
  m_PrefabInstance: {fileID: 8648548251431450896}
  m_PrefabAsset: {fileID: 0}
--- !u!4 &5940021987606792875 stripped
Transform:
  m_CorrespondingSourceObject: {fileID: 3056504159277003707, guid: 9a5e8ba990b875e46ae6300c45f3fd2a,
    type: 3}
  m_PrefabInstance: {fileID: 8648548251431450896}
  m_PrefabAsset: {fileID: 0}
--- !u!1001 &8801442093363522389
PrefabInstance:
  m_ObjectHideFlags: 0
  serializedVersion: 2
  m_Modification:
    m_TransformParent: {fileID: 2886516480454247085}
    m_Modifications:
    - target: {fileID: 3056504159277003707, guid: 9a5e8ba990b875e46ae6300c45f3fd2a,
        type: 3}
      propertyPath: m_LocalPosition.x
      value: -9.339902
      objectReference: {fileID: 0}
    - target: {fileID: 3056504159277003707, guid: 9a5e8ba990b875e46ae6300c45f3fd2a,
        type: 3}
      propertyPath: m_LocalPosition.y
      value: -5.366455
      objectReference: {fileID: 0}
    - target: {fileID: 3056504159277003707, guid: 9a5e8ba990b875e46ae6300c45f3fd2a,
        type: 3}
      propertyPath: m_LocalPosition.z
      value: 41.36139
      objectReference: {fileID: 0}
    - target: {fileID: 3056504159277003707, guid: 9a5e8ba990b875e46ae6300c45f3fd2a,
        type: 3}
      propertyPath: m_LocalRotation.x
      value: 0
      objectReference: {fileID: 0}
    - target: {fileID: 3056504159277003707, guid: 9a5e8ba990b875e46ae6300c45f3fd2a,
        type: 3}
      propertyPath: m_LocalRotation.y
      value: 0
      objectReference: {fileID: 0}
    - target: {fileID: 3056504159277003707, guid: 9a5e8ba990b875e46ae6300c45f3fd2a,
        type: 3}
      propertyPath: m_LocalRotation.z
      value: 0
      objectReference: {fileID: 0}
    - target: {fileID: 3056504159277003707, guid: 9a5e8ba990b875e46ae6300c45f3fd2a,
        type: 3}
      propertyPath: m_LocalRotation.w
      value: 1
      objectReference: {fileID: 0}
    - target: {fileID: 3056504159277003707, guid: 9a5e8ba990b875e46ae6300c45f3fd2a,
        type: 3}
      propertyPath: m_RootOrder
      value: 0
      objectReference: {fileID: 0}
    - target: {fileID: 3056504159277003707, guid: 9a5e8ba990b875e46ae6300c45f3fd2a,
        type: 3}
      propertyPath: m_LocalEulerAnglesHint.x
      value: 0
      objectReference: {fileID: 0}
    - target: {fileID: 3056504159277003707, guid: 9a5e8ba990b875e46ae6300c45f3fd2a,
        type: 3}
      propertyPath: m_LocalEulerAnglesHint.y
      value: 0
      objectReference: {fileID: 0}
    - target: {fileID: 3056504159277003707, guid: 9a5e8ba990b875e46ae6300c45f3fd2a,
        type: 3}
      propertyPath: m_LocalEulerAnglesHint.z
      value: 0
      objectReference: {fileID: 0}
    - target: {fileID: 7016196779479249654, guid: 9a5e8ba990b875e46ae6300c45f3fd2a,
        type: 3}
      propertyPath: m_Name
      value: GoodCoin
      objectReference: {fileID: 0}
    m_RemovedComponents: []
  m_SourcePrefab: {fileID: 100100000, guid: 9a5e8ba990b875e46ae6300c45f3fd2a, type: 3}
--- !u!1 &1980327367067031971 stripped
GameObject:
  m_CorrespondingSourceObject: {fileID: 7016196779479249654, guid: 9a5e8ba990b875e46ae6300c45f3fd2a,
    type: 3}
  m_PrefabInstance: {fileID: 8801442093363522389}
  m_PrefabAsset: {fileID: 0}
--- !u!4 &5787093244796983534 stripped
Transform:
  m_CorrespondingSourceObject: {fileID: 3056504159277003707, guid: 9a5e8ba990b875e46ae6300c45f3fd2a,
    type: 3}
  m_PrefabInstance: {fileID: 8801442093363522389}
  m_PrefabAsset: {fileID: 0}
