%YAML 1.1
%TAG !u! tag:unity3d.com,2011:
--- !u!29 &1
OcclusionCullingSettings:
  m_ObjectHideFlags: 0
  serializedVersion: 2
  m_OcclusionBakeSettings:
    smallestOccluder: 5
    smallestHole: 0.25
    backfaceThreshold: 100
  m_SceneGUID: 00000000000000000000000000000000
  m_OcclusionCullingData: {fileID: 0}
--- !u!104 &2
RenderSettings:
  m_ObjectHideFlags: 0
  serializedVersion: 9
  m_Fog: 0
  m_FogColor: {r: 0.5, g: 0.5, b: 0.5, a: 1}
  m_FogMode: 3
  m_FogDensity: 0.01
  m_LinearFogStart: 0
  m_LinearFogEnd: 300
  m_AmbientSkyColor: {r: 0.212, g: 0.227, b: 0.259, a: 1}
  m_AmbientEquatorColor: {r: 0.114, g: 0.125, b: 0.133, a: 1}
  m_AmbientGroundColor: {r: 0.047, g: 0.043, b: 0.035, a: 1}
  m_AmbientIntensity: 1
  m_AmbientMode: 0
  m_SubtractiveShadowColor: {r: 0.42, g: 0.478, b: 0.627, a: 1}
  m_SkyboxMaterial: {fileID: 10304, guid: 0000000000000000f000000000000000, type: 0}
  m_HaloStrength: 0.5
  m_FlareStrength: 1
  m_FlareFadeSpeed: 3
  m_HaloTexture: {fileID: 0}
  m_SpotCookie: {fileID: 10001, guid: 0000000000000000e000000000000000, type: 0}
  m_DefaultReflectionMode: 0
  m_DefaultReflectionResolution: 128
  m_ReflectionBounces: 1
  m_ReflectionIntensity: 1
  m_CustomReflection: {fileID: 0}
  m_Sun: {fileID: 0}
  m_IndirectSpecularColor: {r: 0, g: 0, b: 0, a: 1}
  m_UseRadianceAmbientProbe: 0
--- !u!157 &3
LightmapSettings:
  m_ObjectHideFlags: 0
  serializedVersion: 11
  m_GIWorkflowMode: 1
  m_GISettings:
    serializedVersion: 2
    m_BounceScale: 1
    m_IndirectOutputScale: 1
    m_AlbedoBoost: 1
    m_EnvironmentLightingMode: 0
    m_EnableBakedLightmaps: 1
    m_EnableRealtimeLightmaps: 0
  m_LightmapEditorSettings:
    serializedVersion: 12
    m_Resolution: 2
    m_BakeResolution: 40
    m_AtlasSize: 1024
    m_AO: 0
    m_AOMaxDistance: 1
    m_CompAOExponent: 1
    m_CompAOExponentDirect: 0
    m_ExtractAmbientOcclusion: 0
    m_Padding: 2
    m_LightmapParameters: {fileID: 0}
    m_LightmapsBakeMode: 1
    m_TextureCompression: 1
    m_FinalGather: 0
    m_FinalGatherFiltering: 1
    m_FinalGatherRayCount: 256
    m_ReflectionCompression: 2
    m_MixedBakeMode: 2
    m_BakeBackend: 1
    m_PVRSampling: 1
    m_PVRDirectSampleCount: 32
    m_PVRSampleCount: 512
    m_PVRBounces: 2
    m_PVREnvironmentSampleCount: 256
    m_PVREnvironmentReferencePointCount: 2048
    m_PVRFilteringMode: 1
    m_PVRDenoiserTypeDirect: 1
    m_PVRDenoiserTypeIndirect: 1
    m_PVRDenoiserTypeAO: 1
    m_PVRFilterTypeDirect: 0
    m_PVRFilterTypeIndirect: 0
    m_PVRFilterTypeAO: 0
    m_PVREnvironmentMIS: 1
    m_PVRCulling: 1
    m_PVRFilteringGaussRadiusDirect: 1
    m_PVRFilteringGaussRadiusIndirect: 5
    m_PVRFilteringGaussRadiusAO: 2
    m_PVRFilteringAtrousPositionSigmaDirect: 0.5
    m_PVRFilteringAtrousPositionSigmaIndirect: 2
    m_PVRFilteringAtrousPositionSigmaAO: 1
    m_ExportTrainingData: 0
    m_TrainingDataDestination: TrainingData
    m_LightProbeSampleCountMultiplier: 4
  m_LightingDataAsset: {fileID: 0}
  m_UseShadowmask: 1
--- !u!196 &4
NavMeshSettings:
  serializedVersion: 2
  m_ObjectHideFlags: 0
  m_BuildSettings:
    serializedVersion: 2
    agentTypeID: 0
    agentRadius: 0.5
    agentHeight: 2
    agentSlope: 45
    agentClimb: 0.4
    ledgeDropHeight: 0
    maxJumpAcrossDistance: 0
    minRegionArea: 2
    manualCellSize: 0
    cellSize: 0.16666667
    manualTileSize: 0
    tileSize: 256
    accuratePlacement: 0
    debug:
      m_Flags: 0
  m_NavMeshData: {fileID: 0}
--- !u!1 &274013092
GameObject:
  m_ObjectHideFlags: 0
  m_CorrespondingSourceObject: {fileID: 0}
  m_PrefabInstance: {fileID: 0}
  m_PrefabAsset: {fileID: 0}
  serializedVersion: 6
  m_Component:
  - component: {fileID: 274013095}
  - component: {fileID: 274013094}
  - component: {fileID: 274013093}
  m_Layer: 0
  m_Name: EventSystem
  m_TagString: Untagged
  m_Icon: {fileID: 0}
  m_NavMeshLayer: 0
  m_StaticEditorFlags: 0
  m_IsActive: 1
--- !u!114 &274013093
MonoBehaviour:
  m_ObjectHideFlags: 0
  m_CorrespondingSourceObject: {fileID: 0}
  m_PrefabInstance: {fileID: 0}
  m_PrefabAsset: {fileID: 0}
  m_GameObject: {fileID: 274013092}
  m_Enabled: 1
  m_EditorHideFlags: 0
  m_Script: {fileID: 11500000, guid: 4f231c4fb786f3946a6b90b886c48677, type: 3}
  m_Name: 
  m_EditorClassIdentifier: 
  m_HorizontalAxis: Horizontal
  m_VerticalAxis: Vertical
  m_SubmitButton: Submit
  m_CancelButton: Cancel
  m_InputActionsPerSecond: 10
  m_RepeatDelay: 0.5
  m_ForceModuleActive: 1
--- !u!114 &274013094
MonoBehaviour:
  m_ObjectHideFlags: 0
  m_CorrespondingSourceObject: {fileID: 0}
  m_PrefabInstance: {fileID: 0}
  m_PrefabAsset: {fileID: 0}
  m_GameObject: {fileID: 274013092}
  m_Enabled: 1
  m_EditorHideFlags: 0
  m_Script: {fileID: 11500000, guid: 76c392e42b5098c458856cdf6ecaaaa1, type: 3}
  m_Name: 
  m_EditorClassIdentifier: 
  m_FirstSelected: {fileID: 0}
  m_sendNavigationEvents: 1
  m_DragThreshold: 10
--- !u!4 &274013095
Transform:
  m_ObjectHideFlags: 0
  m_CorrespondingSourceObject: {fileID: 0}
  m_PrefabInstance: {fileID: 0}
  m_PrefabAsset: {fileID: 0}
  m_GameObject: {fileID: 274013092}
  m_LocalRotation: {x: 0, y: 0, z: 0, w: 1}
  m_LocalPosition: {x: 0, y: 0, z: 0}
  m_LocalScale: {x: 1, y: 1, z: 1}
  m_Children: []
  m_Father: {fileID: 0}
  m_RootOrder: 5
  m_LocalEulerAnglesHint: {x: 0, y: 0, z: 0}
--- !u!1001 &306264473
PrefabInstance:
  m_ObjectHideFlags: 0
  serializedVersion: 2
  m_Modification:
    m_TransformParent: {fileID: 1735699690}
    m_Modifications:
    - target: {fileID: 149218, guid: fc05c8bfad7df5a4abe568aca7403b9e, type: 3}
      propertyPath: m_Name
      value: Tree Type1 01
      objectReference: {fileID: 0}
    - target: {fileID: 441318, guid: fc05c8bfad7df5a4abe568aca7403b9e, type: 3}
      propertyPath: m_LocalPosition.x
      value: 0.96521676
      objectReference: {fileID: 0}
    - target: {fileID: 441318, guid: fc05c8bfad7df5a4abe568aca7403b9e, type: 3}
      propertyPath: m_LocalPosition.y
      value: -3.140905
      objectReference: {fileID: 0}
    - target: {fileID: 441318, guid: fc05c8bfad7df5a4abe568aca7403b9e, type: 3}
      propertyPath: m_LocalPosition.z
      value: -10.144637
      objectReference: {fileID: 0}
    - target: {fileID: 441318, guid: fc05c8bfad7df5a4abe568aca7403b9e, type: 3}
      propertyPath: m_LocalRotation.x
      value: 0.0000000218557
      objectReference: {fileID: 0}
    - target: {fileID: 441318, guid: fc05c8bfad7df5a4abe568aca7403b9e, type: 3}
      propertyPath: m_LocalRotation.y
      value: -0
      objectReference: {fileID: 0}
    - target: {fileID: 441318, guid: fc05c8bfad7df5a4abe568aca7403b9e, type: 3}
      propertyPath: m_LocalRotation.z
      value: -0
      objectReference: {fileID: 0}
    - target: {fileID: 441318, guid: fc05c8bfad7df5a4abe568aca7403b9e, type: 3}
      propertyPath: m_LocalRotation.w
      value: 1
      objectReference: {fileID: 0}
    - target: {fileID: 441318, guid: fc05c8bfad7df5a4abe568aca7403b9e, type: 3}
      propertyPath: m_RootOrder
      value: 5
      objectReference: {fileID: 0}
    - target: {fileID: 441318, guid: fc05c8bfad7df5a4abe568aca7403b9e, type: 3}
      propertyPath: m_LocalEulerAnglesHint.x
      value: 0
      objectReference: {fileID: 0}
    - target: {fileID: 441318, guid: fc05c8bfad7df5a4abe568aca7403b9e, type: 3}
      propertyPath: m_LocalEulerAnglesHint.y
      value: 0
      objectReference: {fileID: 0}
    - target: {fileID: 441318, guid: fc05c8bfad7df5a4abe568aca7403b9e, type: 3}
      propertyPath: m_LocalEulerAnglesHint.z
      value: 0
      objectReference: {fileID: 0}
    m_RemovedComponents: []
  m_SourcePrefab: {fileID: 100100000, guid: fc05c8bfad7df5a4abe568aca7403b9e, type: 3}
--- !u!4 &306264474 stripped
Transform:
  m_CorrespondingSourceObject: {fileID: 441318, guid: fc05c8bfad7df5a4abe568aca7403b9e,
    type: 3}
  m_PrefabInstance: {fileID: 306264473}
  m_PrefabAsset: {fileID: 0}
--- !u!1001 &308862734
PrefabInstance:
  m_ObjectHideFlags: 0
  serializedVersion: 2
  m_Modification:
    m_TransformParent: {fileID: 1735699690}
    m_Modifications:
    - target: {fileID: 143020, guid: aee731a00031fcc4d9d2b075e528e050, type: 3}
      propertyPath: m_Name
      value: Tree Type0 01 (2)
      objectReference: {fileID: 0}
    - target: {fileID: 420272, guid: aee731a00031fcc4d9d2b075e528e050, type: 3}
      propertyPath: m_LocalPosition.x
      value: 1.3268464
      objectReference: {fileID: 0}
    - target: {fileID: 420272, guid: aee731a00031fcc4d9d2b075e528e050, type: 3}
      propertyPath: m_LocalPosition.y
      value: -3.171026
      objectReference: {fileID: 0}
    - target: {fileID: 420272, guid: aee731a00031fcc4d9d2b075e528e050, type: 3}
      propertyPath: m_LocalPosition.z
      value: -11.40398
      objectReference: {fileID: 0}
    - target: {fileID: 420272, guid: aee731a00031fcc4d9d2b075e528e050, type: 3}
      propertyPath: m_LocalRotation.x
      value: 0.0000000218557
      objectReference: {fileID: 0}
    - target: {fileID: 420272, guid: aee731a00031fcc4d9d2b075e528e050, type: 3}
      propertyPath: m_LocalRotation.y
      value: -0
      objectReference: {fileID: 0}
    - target: {fileID: 420272, guid: aee731a00031fcc4d9d2b075e528e050, type: 3}
      propertyPath: m_LocalRotation.z
      value: -0
      objectReference: {fileID: 0}
    - target: {fileID: 420272, guid: aee731a00031fcc4d9d2b075e528e050, type: 3}
      propertyPath: m_LocalRotation.w
      value: 1
      objectReference: {fileID: 0}
    - target: {fileID: 420272, guid: aee731a00031fcc4d9d2b075e528e050, type: 3}
      propertyPath: m_RootOrder
      value: 4
      objectReference: {fileID: 0}
    - target: {fileID: 420272, guid: aee731a00031fcc4d9d2b075e528e050, type: 3}
      propertyPath: m_LocalEulerAnglesHint.x
      value: 0
      objectReference: {fileID: 0}
    - target: {fileID: 420272, guid: aee731a00031fcc4d9d2b075e528e050, type: 3}
      propertyPath: m_LocalEulerAnglesHint.y
      value: 0
      objectReference: {fileID: 0}
    - target: {fileID: 420272, guid: aee731a00031fcc4d9d2b075e528e050, type: 3}
      propertyPath: m_LocalEulerAnglesHint.z
      value: 0
      objectReference: {fileID: 0}
    - target: {fileID: 420272, guid: aee731a00031fcc4d9d2b075e528e050, type: 3}
      propertyPath: m_LocalScale.x
      value: 0.05
      objectReference: {fileID: 0}
    - target: {fileID: 420272, guid: aee731a00031fcc4d9d2b075e528e050, type: 3}
      propertyPath: m_LocalScale.y
      value: 0.05
      objectReference: {fileID: 0}
    - target: {fileID: 420272, guid: aee731a00031fcc4d9d2b075e528e050, type: 3}
      propertyPath: m_LocalScale.z
      value: 0.05
      objectReference: {fileID: 0}
    m_RemovedComponents: []
  m_SourcePrefab: {fileID: 100100000, guid: aee731a00031fcc4d9d2b075e528e050, type: 3}
--- !u!4 &308862735 stripped
Transform:
  m_CorrespondingSourceObject: {fileID: 420272, guid: aee731a00031fcc4d9d2b075e528e050,
    type: 3}
  m_PrefabInstance: {fileID: 308862734}
  m_PrefabAsset: {fileID: 0}
--- !u!1 &380755648
GameObject:
  m_ObjectHideFlags: 0
  m_CorrespondingSourceObject: {fileID: 0}
  m_PrefabInstance: {fileID: 0}
  m_PrefabAsset: {fileID: 0}
  serializedVersion: 6
  m_Component:
  - component: {fileID: 380755650}
  - component: {fileID: 380755649}
  m_Layer: 0
  m_Name: SaveManager
  m_TagString: Untagged
  m_Icon: {fileID: 0}
  m_NavMeshLayer: 0
  m_StaticEditorFlags: 0
  m_IsActive: 1
--- !u!114 &380755649
MonoBehaviour:
  m_ObjectHideFlags: 0
  m_CorrespondingSourceObject: {fileID: 0}
  m_PrefabInstance: {fileID: 0}
  m_PrefabAsset: {fileID: 0}
  m_GameObject: {fileID: 380755648}
  m_Enabled: 1
  m_EditorHideFlags: 0
  m_Script: {fileID: 11500000, guid: b14086a8deccb54acb70c10849e9c43b, type: 3}
  m_Name: 
  m_EditorClassIdentifier: 
  coinCount: 0
  currentSkin: 
  foxOwned: 0
  bearOwned: 0
  deerOwned: 0
  racoonOwned: 0
  rabbitOwned: 0
  wolfOwned: 0
  currentJumpAchievement: 0
  currentDistanceAchievement: 0
  currentGameCoinAchievement: 0
  currentSlideAchievement: 0
  currentReviveAchievement: 0
  noCoinGameAchievementComplete: 0
  currentCoins: 0
  achievementTotalCoins: 0
  reviveCoinsSpent: 0
--- !u!4 &380755650
Transform:
  m_ObjectHideFlags: 0
  m_CorrespondingSourceObject: {fileID: 0}
  m_PrefabInstance: {fileID: 0}
  m_PrefabAsset: {fileID: 0}
  m_GameObject: {fileID: 380755648}
  m_LocalRotation: {x: 0, y: 0, z: 0, w: 1}
  m_LocalPosition: {x: -7.563879, y: -10.096481, z: 20.439602}
  m_LocalScale: {x: 1, y: 1, z: 1}
  m_Children: []
  m_Father: {fileID: 0}
  m_RootOrder: 3
  m_LocalEulerAnglesHint: {x: 0, y: 0, z: 0}
--- !u!4 &466870048 stripped
Transform:
  m_CorrespondingSourceObject: {fileID: 4339516883572977864, guid: cd7dd0ebe1181a54abe41f7846fd4e65,
    type: 3}
  m_PrefabInstance: {fileID: 4339516883972567016}
  m_PrefabAsset: {fileID: 0}
--- !u!1001 &700787439
PrefabInstance:
  m_ObjectHideFlags: 0
  serializedVersion: 2
  m_Modification:
    m_TransformParent: {fileID: 1735699690}
    m_Modifications:
    - target: {fileID: 143020, guid: aee731a00031fcc4d9d2b075e528e050, type: 3}
      propertyPath: m_Name
      value: Tree Type0 01 (1)
      objectReference: {fileID: 0}
    - target: {fileID: 420272, guid: aee731a00031fcc4d9d2b075e528e050, type: 3}
      propertyPath: m_LocalPosition.x
      value: 1.0558463
      objectReference: {fileID: 0}
    - target: {fileID: 420272, guid: aee731a00031fcc4d9d2b075e528e050, type: 3}
      propertyPath: m_LocalPosition.y
      value: -3.171026
      objectReference: {fileID: 0}
    - target: {fileID: 420272, guid: aee731a00031fcc4d9d2b075e528e050, type: 3}
      propertyPath: m_LocalPosition.z
      value: -12.81098
      objectReference: {fileID: 0}
    - target: {fileID: 420272, guid: aee731a00031fcc4d9d2b075e528e050, type: 3}
      propertyPath: m_LocalRotation.x
      value: 0.0000000218557
      objectReference: {fileID: 0}
    - target: {fileID: 420272, guid: aee731a00031fcc4d9d2b075e528e050, type: 3}
      propertyPath: m_LocalRotation.y
      value: -0
      objectReference: {fileID: 0}
    - target: {fileID: 420272, guid: aee731a00031fcc4d9d2b075e528e050, type: 3}
      propertyPath: m_LocalRotation.z
      value: -0
      objectReference: {fileID: 0}
    - target: {fileID: 420272, guid: aee731a00031fcc4d9d2b075e528e050, type: 3}
      propertyPath: m_LocalRotation.w
      value: 1
      objectReference: {fileID: 0}
    - target: {fileID: 420272, guid: aee731a00031fcc4d9d2b075e528e050, type: 3}
      propertyPath: m_RootOrder
      value: 3
      objectReference: {fileID: 0}
    - target: {fileID: 420272, guid: aee731a00031fcc4d9d2b075e528e050, type: 3}
      propertyPath: m_LocalEulerAnglesHint.x
      value: 0
      objectReference: {fileID: 0}
    - target: {fileID: 420272, guid: aee731a00031fcc4d9d2b075e528e050, type: 3}
      propertyPath: m_LocalEulerAnglesHint.y
      value: 0
      objectReference: {fileID: 0}
    - target: {fileID: 420272, guid: aee731a00031fcc4d9d2b075e528e050, type: 3}
      propertyPath: m_LocalEulerAnglesHint.z
      value: 0
      objectReference: {fileID: 0}
    - target: {fileID: 420272, guid: aee731a00031fcc4d9d2b075e528e050, type: 3}
      propertyPath: m_LocalScale.x
      value: 0.05
      objectReference: {fileID: 0}
    - target: {fileID: 420272, guid: aee731a00031fcc4d9d2b075e528e050, type: 3}
      propertyPath: m_LocalScale.y
      value: 0.05
      objectReference: {fileID: 0}
    - target: {fileID: 420272, guid: aee731a00031fcc4d9d2b075e528e050, type: 3}
      propertyPath: m_LocalScale.z
      value: 0.05
      objectReference: {fileID: 0}
    m_RemovedComponents: []
  m_SourcePrefab: {fileID: 100100000, guid: aee731a00031fcc4d9d2b075e528e050, type: 3}
--- !u!4 &700787440 stripped
Transform:
  m_CorrespondingSourceObject: {fileID: 420272, guid: aee731a00031fcc4d9d2b075e528e050,
    type: 3}
  m_PrefabInstance: {fileID: 700787439}
  m_PrefabAsset: {fileID: 0}
--- !u!4 &733093680 stripped
Transform:
  m_CorrespondingSourceObject: {fileID: 7402503478101238891, guid: 08273758b6471d5438490599625f07a0,
    type: 3}
  m_PrefabInstance: {fileID: 7402503477741714267}
  m_PrefabAsset: {fileID: 0}
--- !u!1001 &758035686
PrefabInstance:
  m_ObjectHideFlags: 0
  serializedVersion: 2
  m_Modification:
    m_TransformParent: {fileID: 1735699690}
    m_Modifications:
    - target: {fileID: 143020, guid: aee731a00031fcc4d9d2b075e528e050, type: 3}
      propertyPath: m_Name
      value: Tree Type0 01
      objectReference: {fileID: 0}
    - target: {fileID: 420272, guid: aee731a00031fcc4d9d2b075e528e050, type: 3}
      propertyPath: m_LocalPosition.x
      value: 0.49684635
      objectReference: {fileID: 0}
    - target: {fileID: 420272, guid: aee731a00031fcc4d9d2b075e528e050, type: 3}
      propertyPath: m_LocalPosition.y
      value: -3.171026
      objectReference: {fileID: 0}
    - target: {fileID: 420272, guid: aee731a00031fcc4d9d2b075e528e050, type: 3}
      propertyPath: m_LocalPosition.z
      value: -12.81098
      objectReference: {fileID: 0}
    - target: {fileID: 420272, guid: aee731a00031fcc4d9d2b075e528e050, type: 3}
      propertyPath: m_LocalRotation.x
      value: 0.0000000218557
      objectReference: {fileID: 0}
    - target: {fileID: 420272, guid: aee731a00031fcc4d9d2b075e528e050, type: 3}
      propertyPath: m_LocalRotation.y
      value: -0
      objectReference: {fileID: 0}
    - target: {fileID: 420272, guid: aee731a00031fcc4d9d2b075e528e050, type: 3}
      propertyPath: m_LocalRotation.z
      value: -0
      objectReference: {fileID: 0}
    - target: {fileID: 420272, guid: aee731a00031fcc4d9d2b075e528e050, type: 3}
      propertyPath: m_LocalRotation.w
      value: 1
      objectReference: {fileID: 0}
    - target: {fileID: 420272, guid: aee731a00031fcc4d9d2b075e528e050, type: 3}
      propertyPath: m_RootOrder
      value: 1
      objectReference: {fileID: 0}
    - target: {fileID: 420272, guid: aee731a00031fcc4d9d2b075e528e050, type: 3}
      propertyPath: m_LocalEulerAnglesHint.x
      value: 0
      objectReference: {fileID: 0}
    - target: {fileID: 420272, guid: aee731a00031fcc4d9d2b075e528e050, type: 3}
      propertyPath: m_LocalEulerAnglesHint.y
      value: 0
      objectReference: {fileID: 0}
    - target: {fileID: 420272, guid: aee731a00031fcc4d9d2b075e528e050, type: 3}
      propertyPath: m_LocalEulerAnglesHint.z
      value: 0
      objectReference: {fileID: 0}
    - target: {fileID: 420272, guid: aee731a00031fcc4d9d2b075e528e050, type: 3}
      propertyPath: m_LocalScale.x
      value: 0.05
      objectReference: {fileID: 0}
    - target: {fileID: 420272, guid: aee731a00031fcc4d9d2b075e528e050, type: 3}
      propertyPath: m_LocalScale.y
      value: 0.05
      objectReference: {fileID: 0}
    - target: {fileID: 420272, guid: aee731a00031fcc4d9d2b075e528e050, type: 3}
      propertyPath: m_LocalScale.z
      value: 0.05
      objectReference: {fileID: 0}
    m_RemovedComponents: []
  m_SourcePrefab: {fileID: 100100000, guid: aee731a00031fcc4d9d2b075e528e050, type: 3}
--- !u!4 &758035687 stripped
Transform:
  m_CorrespondingSourceObject: {fileID: 420272, guid: aee731a00031fcc4d9d2b075e528e050,
    type: 3}
  m_PrefabInstance: {fileID: 758035686}
  m_PrefabAsset: {fileID: 0}
--- !u!4 &920717597 stripped
Transform:
  m_CorrespondingSourceObject: {fileID: 451528, guid: 78c29697749a6d44e964f9a0cf83d77a,
    type: 3}
  m_PrefabInstance: {fileID: 1051978193}
  m_PrefabAsset: {fileID: 0}
--- !u!4 &995646254 stripped
Transform:
  m_CorrespondingSourceObject: {fileID: 7571499298826967400, guid: f19f6ed4486ddf246962d2473cc9fc15,
    type: 3}
  m_PrefabInstance: {fileID: 7571499298377630278}
  m_PrefabAsset: {fileID: 0}
--- !u!1 &1039882119
GameObject:
  m_ObjectHideFlags: 0
  m_CorrespondingSourceObject: {fileID: 0}
  m_PrefabInstance: {fileID: 0}
  m_PrefabAsset: {fileID: 0}
  serializedVersion: 6
  m_Component:
  - component: {fileID: 1039882121}
  - component: {fileID: 1039882120}
  m_Layer: 0
  m_Name: AchievementManager
  m_TagString: Untagged
  m_Icon: {fileID: 0}
  m_NavMeshLayer: 0
  m_StaticEditorFlags: 0
  m_IsActive: 1
--- !u!114 &1039882120
MonoBehaviour:
  m_ObjectHideFlags: 0
  m_CorrespondingSourceObject: {fileID: 0}
  m_PrefabInstance: {fileID: 0}
  m_PrefabAsset: {fileID: 0}
  m_GameObject: {fileID: 1039882119}
  m_Enabled: 1
  m_EditorHideFlags: 0
  m_Script: {fileID: 11500000, guid: 50c64e6e8957a4f40a2999eb1ba9f69e, type: 3}
  m_Name: 
  m_EditorClassIdentifier: 
  noCoinReward: 100
  currentReviveDone: 0
--- !u!4 &1039882121
Transform:
  m_ObjectHideFlags: 0
  m_CorrespondingSourceObject: {fileID: 0}
  m_PrefabInstance: {fileID: 0}
  m_PrefabAsset: {fileID: 0}
  m_GameObject: {fileID: 1039882119}
  m_LocalRotation: {x: 0, y: 0, z: 0, w: 1}
  m_LocalPosition: {x: -7.563879, y: -10.096481, z: 20.439602}
  m_LocalScale: {x: 1, y: 1, z: 1}
  m_Children: []
  m_Father: {fileID: 0}
  m_RootOrder: 6
  m_LocalEulerAnglesHint: {x: 0, y: 0, z: 0}
--- !u!1001 &1051978193
PrefabInstance:
  m_ObjectHideFlags: 0
  serializedVersion: 2
  m_Modification:
    m_TransformParent: {fileID: 1735699690}
    m_Modifications:
    - target: {fileID: 166966, guid: 78c29697749a6d44e964f9a0cf83d77a, type: 3}
      propertyPath: m_Name
      value: Tree Type2 01
      objectReference: {fileID: 0}
    - target: {fileID: 451528, guid: 78c29697749a6d44e964f9a0cf83d77a, type: 3}
      propertyPath: m_LocalPosition.x
      value: 1.2576076
      objectReference: {fileID: 0}
    - target: {fileID: 451528, guid: 78c29697749a6d44e964f9a0cf83d77a, type: 3}
      propertyPath: m_LocalPosition.y
      value: -3.14143
      objectReference: {fileID: 0}
    - target: {fileID: 451528, guid: 78c29697749a6d44e964f9a0cf83d77a, type: 3}
      propertyPath: m_LocalPosition.z
      value: -12.378207
      objectReference: {fileID: 0}
    - target: {fileID: 451528, guid: 78c29697749a6d44e964f9a0cf83d77a, type: 3}
      propertyPath: m_LocalRotation.x
      value: 0.000000018767999
      objectReference: {fileID: 0}
    - target: {fileID: 451528, guid: 78c29697749a6d44e964f9a0cf83d77a, type: 3}
      propertyPath: m_LocalRotation.y
      value: 0.5124394
      objectReference: {fileID: 0}
    - target: {fileID: 451528, guid: 78c29697749a6d44e964f9a0cf83d77a, type: 3}
      propertyPath: m_LocalRotation.z
      value: 0.000000011199723
      objectReference: {fileID: 0}
    - target: {fileID: 451528, guid: 78c29697749a6d44e964f9a0cf83d77a, type: 3}
      propertyPath: m_LocalRotation.w
      value: 0.8587234
      objectReference: {fileID: 0}
    - target: {fileID: 451528, guid: 78c29697749a6d44e964f9a0cf83d77a, type: 3}
      propertyPath: m_RootOrder
      value: 2
      objectReference: {fileID: 0}
    - target: {fileID: 451528, guid: 78c29697749a6d44e964f9a0cf83d77a, type: 3}
      propertyPath: m_LocalEulerAnglesHint.x
      value: 0
      objectReference: {fileID: 0}
    - target: {fileID: 451528, guid: 78c29697749a6d44e964f9a0cf83d77a, type: 3}
      propertyPath: m_LocalEulerAnglesHint.y
      value: 61.653004
      objectReference: {fileID: 0}
    - target: {fileID: 451528, guid: 78c29697749a6d44e964f9a0cf83d77a, type: 3}
      propertyPath: m_LocalEulerAnglesHint.z
      value: 0
      objectReference: {fileID: 0}
    - target: {fileID: 451528, guid: 78c29697749a6d44e964f9a0cf83d77a, type: 3}
      propertyPath: m_LocalScale.x
      value: 0.5
      objectReference: {fileID: 0}
    - target: {fileID: 451528, guid: 78c29697749a6d44e964f9a0cf83d77a, type: 3}
      propertyPath: m_LocalScale.y
      value: 0.5
      objectReference: {fileID: 0}
    - target: {fileID: 451528, guid: 78c29697749a6d44e964f9a0cf83d77a, type: 3}
      propertyPath: m_LocalScale.z
      value: 0.5
      objectReference: {fileID: 0}
    m_RemovedComponents: []
  m_SourcePrefab: {fileID: 100100000, guid: 78c29697749a6d44e964f9a0cf83d77a, type: 3}
--- !u!1 &1550766931
GameObject:
  m_ObjectHideFlags: 0
  m_CorrespondingSourceObject: {fileID: 0}
  m_PrefabInstance: {fileID: 0}
  m_PrefabAsset: {fileID: 0}
  serializedVersion: 6
  m_Component:
  - component: {fileID: 1550766933}
  - component: {fileID: 1550766932}
  m_Layer: 0
  m_Name: Directional Light
  m_TagString: Untagged
  m_Icon: {fileID: 0}
  m_NavMeshLayer: 0
  m_StaticEditorFlags: 0
  m_IsActive: 1
--- !u!108 &1550766932
Light:
  m_ObjectHideFlags: 0
  m_CorrespondingSourceObject: {fileID: 0}
  m_PrefabInstance: {fileID: 0}
  m_PrefabAsset: {fileID: 0}
  m_GameObject: {fileID: 1550766931}
  m_Enabled: 1
  serializedVersion: 10
  m_Type: 1
  m_Shape: 0
  m_Color: {r: 1, g: 0.95686275, b: 0.8392157, a: 1}
  m_Intensity: 1
  m_Range: 10
  m_SpotAngle: 30
  m_InnerSpotAngle: 21.80208
  m_CookieSize: 10
  m_Shadows:
    m_Type: 2
    m_Resolution: -1
    m_CustomResolution: -1
    m_Strength: 1
    m_Bias: 2
    m_NormalBias: 0
    m_NearPlane: 0.1
    m_CullingMatrixOverride:
      e00: 1
      e01: 0
      e02: 0
      e03: 0
      e10: 0
      e11: 1
      e12: 0
      e13: 0
      e20: 0
      e21: 0
      e22: 1
      e23: 0
      e30: 0
      e31: 0
      e32: 0
      e33: 1
    m_UseCullingMatrixOverride: 0
  m_Cookie: {fileID: 0}
  m_DrawHalo: 0
  m_Flare: {fileID: 0}
  m_RenderMode: 0
  m_CullingMask:
    serializedVersion: 2
    m_Bits: 4294967295
  m_RenderingLayerMask: 1
  m_Lightmapping: 2
  m_LightShadowCasterMode: 0
  m_AreaSize: {x: 1, y: 1}
  m_BounceIntensity: 1
  m_ColorTemperature: 6570
  m_UseColorTemperature: 0
  m_BoundingSphereOverride: {x: 0, y: 0, z: 0, w: 0}
  m_UseBoundingSphereOverride: 0
  m_ShadowRadius: 0
  m_ShadowAngle: 0
--- !u!4 &1550766933
Transform:
  m_ObjectHideFlags: 0
  m_CorrespondingSourceObject: {fileID: 0}
  m_PrefabInstance: {fileID: 0}
  m_PrefabAsset: {fileID: 0}
  m_GameObject: {fileID: 1550766931}
  m_LocalRotation: {x: 0.18215103, y: -0.25417542, z: 0.048807215, w: 0.9485957}
  m_LocalPosition: {x: 0, y: 3, z: 0}
  m_LocalScale: {x: 1, y: 1, z: 1}
  m_Children: []
  m_Father: {fileID: 0}
  m_RootOrder: 1
  m_LocalEulerAnglesHint: {x: 21.739, y: -30.000002, z: 0}
--- !u!1 &1735138062
GameObject:
  m_ObjectHideFlags: 0
  m_CorrespondingSourceObject: {fileID: 0}
  m_PrefabInstance: {fileID: 0}
  m_PrefabAsset: {fileID: 0}
  serializedVersion: 6
  m_Component:
  - component: {fileID: 1735138063}
  m_Layer: 0
  m_Name: PlayServices
  m_TagString: Untagged
  m_Icon: {fileID: 0}
  m_NavMeshLayer: 0
  m_StaticEditorFlags: 0
  m_IsActive: 1
--- !u!4 &1735138063
Transform:
  m_ObjectHideFlags: 0
  m_CorrespondingSourceObject: {fileID: 0}
  m_PrefabInstance: {fileID: 0}
  m_PrefabAsset: {fileID: 0}
  m_GameObject: {fileID: 1735138062}
  m_LocalRotation: {x: 0, y: 0, z: 0, w: 1}
  m_LocalPosition: {x: 108.39401, y: 160.53865, z: -91.14923}
  m_LocalScale: {x: 1, y: 1, z: 1}
  m_Children: []
  m_Father: {fileID: 0}
  m_RootOrder: 8
  m_LocalEulerAnglesHint: {x: 0, y: 0, z: 0}
--- !u!1 &1735699689
GameObject:
  m_ObjectHideFlags: 0
  m_CorrespondingSourceObject: {fileID: 0}
  m_PrefabInstance: {fileID: 0}
  m_PrefabAsset: {fileID: 0}
  serializedVersion: 6
  m_Component:
  - component: {fileID: 1735699690}
  m_Layer: 0
  m_Name: Trees
  m_TagString: Untagged
  m_Icon: {fileID: 0}
  m_NavMeshLayer: 0
  m_StaticEditorFlags: 0
  m_IsActive: 1
--- !u!4 &1735699690
Transform:
  m_ObjectHideFlags: 0
  m_CorrespondingSourceObject: {fileID: 0}
  m_PrefabInstance: {fileID: 0}
  m_PrefabAsset: {fileID: 0}
  m_GameObject: {fileID: 1735699689}
  m_LocalRotation: {x: 0, y: 0, z: 0, w: 1}
  m_LocalPosition: {x: 0, y: 0, z: 0}
  m_LocalScale: {x: 1, y: 1, z: 1}
  m_Children:
  - {fileID: 1997457374}
  - {fileID: 758035687}
  - {fileID: 920717597}
  - {fileID: 700787440}
  - {fileID: 308862735}
  - {fileID: 306264474}
  m_Father: {fileID: 1931724993}
  m_RootOrder: 2
  m_LocalEulerAnglesHint: {x: 0, y: 0, z: 0}
--- !u!1 &1773083190
GameObject:
  m_ObjectHideFlags: 0
  m_CorrespondingSourceObject: {fileID: 0}
  m_PrefabInstance: {fileID: 0}
  m_PrefabAsset: {fileID: 0}
  serializedVersion: 6
  m_Component:
  - component: {fileID: 1773083192}
  - component: {fileID: 1773083191}
  m_Layer: 0
  m_Name: Music
  m_TagString: Untagged
  m_Icon: {fileID: 0}
  m_NavMeshLayer: 0
  m_StaticEditorFlags: 0
  m_IsActive: 1
--- !u!114 &1773083191
MonoBehaviour:
  m_ObjectHideFlags: 0
  m_CorrespondingSourceObject: {fileID: 0}
  m_PrefabInstance: {fileID: 0}
  m_PrefabAsset: {fileID: 0}
  m_GameObject: {fileID: 1773083190}
  m_Enabled: 1
  m_EditorHideFlags: 0
  m_Script: {fileID: 11500000, guid: e6e0fc40147b8b642be9a8be7dbd8c65, type: 3}
  m_Name: 
  m_EditorClassIdentifier: 
  sounds:
  - name: menu
    clip: {fileID: 8300000, guid: 449d92c8a3f0c994699d388687dbb25c, type: 3}
    volume: 0.5
    loop: 0
    source: {fileID: 0}
  - name: bear
    clip: {fileID: 8300000, guid: cacfee17b93b8a84d974ee4ce4248b05, type: 3}
    volume: 0.5
    loop: 0
    source: {fileID: 0}
  - name: wolf
    clip: {fileID: 8300000, guid: 5801101c1d5dfc048af28b0dcfdd1987, type: 3}
    volume: 0.5
    loop: 0
    source: {fileID: 0}
  - name: fox
    clip: {fileID: 8300000, guid: 63438c27562192442b1dead28f3dbea6, type: 3}
    volume: 0.5
    loop: 0
    source: {fileID: 0}
  - name: deer
    clip: {fileID: 8300000, guid: 649a4cc217603254c9de0041b92e1ffe, type: 3}
    volume: 0.5
    loop: 0
    source: {fileID: 0}
  - name: racoon
    clip: {fileID: 8300000, guid: 7ff856e06e872bd44b99800ccf240f5e, type: 3}
    volume: 0.5
    loop: 0
    source: {fileID: 0}
  - name: rabbit
    clip: {fileID: 8300000, guid: b92f678a88faaaf408be58cc665f5e62, type: 3}
    volume: 0.5
    loop: 0
    source: {fileID: 0}
--- !u!4 &1773083192
Transform:
  m_ObjectHideFlags: 0
  m_CorrespondingSourceObject: {fileID: 0}
  m_PrefabInstance: {fileID: 0}
  m_PrefabAsset: {fileID: 0}
  m_GameObject: {fileID: 1773083190}
  m_LocalRotation: {x: 0, y: 0, z: 0, w: 1}
  m_LocalPosition: {x: 2.1023755, y: 0.1606164, z: 2.84897}
  m_LocalScale: {x: 1, y: 1, z: 1}
  m_Children: []
  m_Father: {fileID: 0}
  m_RootOrder: 9
  m_LocalEulerAnglesHint: {x: 0, y: 0, z: 0}
--- !u!1 &1795844700
GameObject:
  m_ObjectHideFlags: 0
  m_CorrespondingSourceObject: {fileID: 0}
  m_PrefabInstance: {fileID: 0}
  m_PrefabAsset: {fileID: 0}
  serializedVersion: 6
  m_Component:
  - component: {fileID: 1795844703}
  - component: {fileID: 1795844702}
  - component: {fileID: 1795844701}
  m_Layer: 0
  m_Name: Main Camera
  m_TagString: MainCamera
  m_Icon: {fileID: 0}
  m_NavMeshLayer: 0
  m_StaticEditorFlags: 0
  m_IsActive: 1
--- !u!81 &1795844701
AudioListener:
  m_ObjectHideFlags: 0
  m_CorrespondingSourceObject: {fileID: 0}
  m_PrefabInstance: {fileID: 0}
  m_PrefabAsset: {fileID: 0}
  m_GameObject: {fileID: 1795844700}
  m_Enabled: 1
--- !u!20 &1795844702
Camera:
  m_ObjectHideFlags: 0
  m_CorrespondingSourceObject: {fileID: 0}
  m_PrefabInstance: {fileID: 0}
  m_PrefabAsset: {fileID: 0}
  m_GameObject: {fileID: 1795844700}
  m_Enabled: 1
  serializedVersion: 2
  m_ClearFlags: 1
  m_BackGroundColor: {r: 0.19215687, g: 0.3019608, b: 0.4745098, a: 0}
  m_projectionMatrixMode: 1
  m_GateFitMode: 2
  m_FOVAxisMode: 0
  m_SensorSize: {x: 36, y: 24}
  m_LensShift: {x: 0, y: 0}
  m_FocalLength: 50
  m_NormalizedViewPortRect:
    serializedVersion: 2
    x: 0
    y: 0
    width: 1
    height: 1
  near clip plane: 0.3
  far clip plane: 1000
  field of view: 60
  orthographic: 0
  orthographic size: 5
  m_Depth: -1
  m_CullingMask:
    serializedVersion: 2
    m_Bits: 4294967295
  m_RenderingPath: -1
  m_TargetTexture: {fileID: 0}
  m_TargetDisplay: 0
  m_TargetEye: 3
  m_HDR: 1
  m_AllowMSAA: 1
  m_AllowDynamicResolution: 0
  m_ForceIntoRT: 0
  m_OcclusionCulling: 1
  m_StereoConvergence: 10
  m_StereoSeparation: 0.022
--- !u!4 &1795844703
Transform:
  m_ObjectHideFlags: 0
  m_CorrespondingSourceObject: {fileID: 0}
  m_PrefabInstance: {fileID: 0}
  m_PrefabAsset: {fileID: 0}
  m_GameObject: {fileID: 1795844700}
  m_LocalRotation: {x: 0, y: 0, z: 0, w: 1}
  m_LocalPosition: {x: 0, y: 1, z: -10.3}
  m_LocalScale: {x: 1, y: 1, z: 1}
  m_Children: []
  m_Father: {fileID: 0}
  m_RootOrder: 0
  m_LocalEulerAnglesHint: {x: 0, y: 0, z: 0}
--- !u!1 &1931724992
GameObject:
  m_ObjectHideFlags: 0
  m_CorrespondingSourceObject: {fileID: 0}
  m_PrefabInstance: {fileID: 0}
  m_PrefabAsset: {fileID: 0}
  serializedVersion: 6
  m_Component:
  - component: {fileID: 1931724993}
  m_Layer: 0
  m_Name: Scene
  m_TagString: Untagged
  m_Icon: {fileID: 0}
  m_NavMeshLayer: 0
  m_StaticEditorFlags: 0
  m_IsActive: 1
--- !u!4 &1931724993
Transform:
  m_ObjectHideFlags: 0
  m_CorrespondingSourceObject: {fileID: 0}
  m_PrefabInstance: {fileID: 0}
  m_PrefabAsset: {fileID: 0}
  m_GameObject: {fileID: 1931724992}
  m_LocalRotation: {x: 0, y: 0, z: 0, w: 1}
  m_LocalPosition: {x: -0.83684635, y: 3.721026, z: 3.5539799}
  m_LocalScale: {x: 1, y: 1, z: 1}
  m_Children:
  - {fileID: 2093960939}
  - {fileID: 1970995165}
  - {fileID: 1735699690}
  m_Father: {fileID: 0}
  m_RootOrder: 2
  m_LocalEulerAnglesHint: {x: 0, y: 0, z: 0}
--- !u!1 &1970995164
GameObject:
  m_ObjectHideFlags: 0
  m_CorrespondingSourceObject: {fileID: 0}
  m_PrefabInstance: {fileID: 0}
  m_PrefabAsset: {fileID: 0}
  serializedVersion: 6
  m_Component:
  - component: {fileID: 1970995165}
  - component: {fileID: 1970995166}
  m_Layer: 0
  m_Name: AnimalActive
  m_TagString: Untagged
  m_Icon: {fileID: 0}
  m_NavMeshLayer: 0
  m_StaticEditorFlags: 0
  m_IsActive: 1
--- !u!4 &1970995165
Transform:
  m_ObjectHideFlags: 0
  m_CorrespondingSourceObject: {fileID: 0}
  m_PrefabInstance: {fileID: 0}
  m_PrefabAsset: {fileID: 0}
  m_GameObject: {fileID: 1970995164}
  m_LocalRotation: {x: 0, y: 0, z: 0, w: 1}
  m_LocalPosition: {x: 0, y: 0, z: 0}
  m_LocalScale: {x: 1, y: 1, z: 1}
  m_Children:
  - {fileID: 733093680}
  - {fileID: 995646254}
  - {fileID: 466870048}
  - {fileID: 4959096008266346086}
  - {fileID: 1297623899434688351}
  - {fileID: 5422401267807977604}
  m_Father: {fileID: 1931724993}
  m_RootOrder: 1
  m_LocalEulerAnglesHint: {x: 0, y: 0, z: 0}
--- !u!114 &1970995166
MonoBehaviour:
  m_ObjectHideFlags: 0
  m_CorrespondingSourceObject: {fileID: 0}
  m_PrefabInstance: {fileID: 0}
  m_PrefabAsset: {fileID: 0}
  m_GameObject: {fileID: 1970995164}
  m_Enabled: 1
  m_EditorHideFlags: 0
  m_Script: {fileID: 11500000, guid: 3eb021241cd23494bb89ab1f9d89b961, type: 3}
  m_Name: 
  m_EditorClassIdentifier: 
--- !u!1001 &1997457373
PrefabInstance:
  m_ObjectHideFlags: 0
  serializedVersion: 2
  m_Modification:
    m_TransformParent: {fileID: 1735699690}
    m_Modifications:
    - target: {fileID: 115020, guid: a0c53a09e4a37b5409b1248ebce2c376, type: 3}
      propertyPath: m_Name
      value: Tree Type2 03
      objectReference: {fileID: 0}
    - target: {fileID: 445370, guid: a0c53a09e4a37b5409b1248ebce2c376, type: 3}
      propertyPath: m_LocalPosition.x
      value: 0.18
      objectReference: {fileID: 0}
    - target: {fileID: 445370, guid: a0c53a09e4a37b5409b1248ebce2c376, type: 3}
      propertyPath: m_LocalPosition.y
      value: -3.1414304
      objectReference: {fileID: 0}
    - target: {fileID: 445370, guid: a0c53a09e4a37b5409b1248ebce2c376, type: 3}
      propertyPath: m_LocalPosition.z
      value: -11.35
      objectReference: {fileID: 0}
    - target: {fileID: 445370, guid: a0c53a09e4a37b5409b1248ebce2c376, type: 3}
      propertyPath: m_LocalRotation.x
      value: 0.0000000218557
      objectReference: {fileID: 0}
    - target: {fileID: 445370, guid: a0c53a09e4a37b5409b1248ebce2c376, type: 3}
      propertyPath: m_LocalRotation.y
      value: -0
      objectReference: {fileID: 0}
    - target: {fileID: 445370, guid: a0c53a09e4a37b5409b1248ebce2c376, type: 3}
      propertyPath: m_LocalRotation.z
      value: -0
      objectReference: {fileID: 0}
    - target: {fileID: 445370, guid: a0c53a09e4a37b5409b1248ebce2c376, type: 3}
      propertyPath: m_LocalRotation.w
      value: 1
      objectReference: {fileID: 0}
    - target: {fileID: 445370, guid: a0c53a09e4a37b5409b1248ebce2c376, type: 3}
      propertyPath: m_RootOrder
      value: 0
      objectReference: {fileID: 0}
    - target: {fileID: 445370, guid: a0c53a09e4a37b5409b1248ebce2c376, type: 3}
      propertyPath: m_LocalEulerAnglesHint.x
      value: 0
      objectReference: {fileID: 0}
    - target: {fileID: 445370, guid: a0c53a09e4a37b5409b1248ebce2c376, type: 3}
      propertyPath: m_LocalEulerAnglesHint.y
      value: 0
      objectReference: {fileID: 0}
    - target: {fileID: 445370, guid: a0c53a09e4a37b5409b1248ebce2c376, type: 3}
      propertyPath: m_LocalEulerAnglesHint.z
      value: 0
      objectReference: {fileID: 0}
    - target: {fileID: 445370, guid: a0c53a09e4a37b5409b1248ebce2c376, type: 3}
      propertyPath: m_LocalScale.x
      value: 0.25
      objectReference: {fileID: 0}
    - target: {fileID: 445370, guid: a0c53a09e4a37b5409b1248ebce2c376, type: 3}
      propertyPath: m_LocalScale.y
      value: 0.25
      objectReference: {fileID: 0}
    - target: {fileID: 445370, guid: a0c53a09e4a37b5409b1248ebce2c376, type: 3}
      propertyPath: m_LocalScale.z
      value: 0.25
      objectReference: {fileID: 0}
    m_RemovedComponents: []
  m_SourcePrefab: {fileID: 100100000, guid: a0c53a09e4a37b5409b1248ebce2c376, type: 3}
--- !u!4 &1997457374 stripped
Transform:
  m_CorrespondingSourceObject: {fileID: 445370, guid: a0c53a09e4a37b5409b1248ebce2c376,
    type: 3}
  m_PrefabInstance: {fileID: 1997457373}
  m_PrefabAsset: {fileID: 0}
--- !u!1 &2093960938
GameObject:
  m_ObjectHideFlags: 0
  m_CorrespondingSourceObject: {fileID: 0}
  m_PrefabInstance: {fileID: 0}
  m_PrefabAsset: {fileID: 0}
  serializedVersion: 6
  m_Component:
  - component: {fileID: 2093960939}
  - component: {fileID: 2093960942}
  - component: {fileID: 2093960941}
  - component: {fileID: 2093960940}
  m_Layer: 0
  m_Name: Plane
  m_TagString: Untagged
  m_Icon: {fileID: 0}
  m_NavMeshLayer: 0
  m_StaticEditorFlags: 0
  m_IsActive: 1
--- !u!4 &2093960939
Transform:
  m_ObjectHideFlags: 0
  m_CorrespondingSourceObject: {fileID: 0}
  m_PrefabInstance: {fileID: 0}
  m_PrefabAsset: {fileID: 0}
  m_GameObject: {fileID: 2093960938}
  m_LocalRotation: {x: 0.00000061094755, y: -0, z: -0, w: 1}
  m_LocalPosition: {x: 0.704, y: -3.15, z: -11.17}
  m_LocalScale: {x: 0.56837666, y: 1, z: 0.5418833}
  m_Children: []
  m_Father: {fileID: 1931724993}
  m_RootOrder: 0
  m_LocalEulerAnglesHint: {x: 0, y: 0, z: 0}
--- !u!64 &2093960940
MeshCollider:
  m_ObjectHideFlags: 0
  m_CorrespondingSourceObject: {fileID: 0}
  m_PrefabInstance: {fileID: 0}
  m_PrefabAsset: {fileID: 0}
  m_GameObject: {fileID: 2093960938}
  m_Material: {fileID: 0}
  m_IsTrigger: 0
  m_Enabled: 1
  serializedVersion: 4
  m_Convex: 0
  m_CookingOptions: 30
  m_Mesh: {fileID: 10209, guid: 0000000000000000e000000000000000, type: 0}
--- !u!23 &2093960941
MeshRenderer:
  m_ObjectHideFlags: 0
  m_CorrespondingSourceObject: {fileID: 0}
  m_PrefabInstance: {fileID: 0}
  m_PrefabAsset: {fileID: 0}
  m_GameObject: {fileID: 2093960938}
  m_Enabled: 1
  m_CastShadows: 1
  m_ReceiveShadows: 1
  m_DynamicOccludee: 1
  m_MotionVectors: 1
  m_LightProbeUsage: 1
  m_ReflectionProbeUsage: 1
  m_RayTracingMode: 2
  m_RenderingLayerMask: 1
  m_RendererPriority: 0
  m_Materials:
  - {fileID: 2100000, guid: b0fb082a249540a7db62e90325a26daf, type: 2}
  m_StaticBatchInfo:
    firstSubMesh: 0
    subMeshCount: 0
  m_StaticBatchRoot: {fileID: 0}
  m_ProbeAnchor: {fileID: 0}
  m_LightProbeVolumeOverride: {fileID: 0}
  m_ScaleInLightmap: 1
  m_ReceiveGI: 1
  m_PreserveUVs: 0
  m_IgnoreNormalsForChartDetection: 0
  m_ImportantGI: 0
  m_StitchLightmapSeams: 1
  m_SelectedEditorRenderState: 3
  m_MinimumChartSize: 4
  m_AutoUVMaxDistance: 0.5
  m_AutoUVMaxAngle: 89
  m_LightmapParameters: {fileID: 0}
  m_SortingLayerID: 0
  m_SortingLayer: 0
  m_SortingOrder: 0
--- !u!33 &2093960942
MeshFilter:
  m_ObjectHideFlags: 0
  m_CorrespondingSourceObject: {fileID: 0}
  m_PrefabInstance: {fileID: 0}
  m_PrefabAsset: {fileID: 0}
  m_GameObject: {fileID: 2093960938}
  m_Mesh: {fileID: 10209, guid: 0000000000000000e000000000000000, type: 0}
--- !u!1001 &1236386898623929658
PrefabInstance:
  m_ObjectHideFlags: 0
  serializedVersion: 2
  m_Modification:
    m_TransformParent: {fileID: 0}
    m_Modifications:
    - target: {fileID: 3163884038628731203, guid: c4edad20ad2b88f42afc047eefff1f0a,
        type: 3}
      propertyPath: m_Name
      value: ShopCanvas
      objectReference: {fileID: 0}
    - target: {fileID: 3163884038628731203, guid: c4edad20ad2b88f42afc047eefff1f0a,
        type: 3}
      propertyPath: m_IsActive
      value: 1
      objectReference: {fileID: 0}
    - target: {fileID: 3163884038628731207, guid: c4edad20ad2b88f42afc047eefff1f0a,
        type: 3}
      propertyPath: m_LocalPosition.x
      value: 0
      objectReference: {fileID: 0}
    - target: {fileID: 3163884038628731207, guid: c4edad20ad2b88f42afc047eefff1f0a,
        type: 3}
      propertyPath: m_LocalPosition.y
      value: 0
      objectReference: {fileID: 0}
    - target: {fileID: 3163884038628731207, guid: c4edad20ad2b88f42afc047eefff1f0a,
        type: 3}
      propertyPath: m_LocalPosition.z
      value: 0
      objectReference: {fileID: 0}
    - target: {fileID: 3163884038628731207, guid: c4edad20ad2b88f42afc047eefff1f0a,
        type: 3}
      propertyPath: m_LocalRotation.x
      value: 0
      objectReference: {fileID: 0}
    - target: {fileID: 3163884038628731207, guid: c4edad20ad2b88f42afc047eefff1f0a,
        type: 3}
      propertyPath: m_LocalRotation.y
      value: 0
      objectReference: {fileID: 0}
    - target: {fileID: 3163884038628731207, guid: c4edad20ad2b88f42afc047eefff1f0a,
        type: 3}
      propertyPath: m_LocalRotation.z
      value: 0
      objectReference: {fileID: 0}
    - target: {fileID: 3163884038628731207, guid: c4edad20ad2b88f42afc047eefff1f0a,
        type: 3}
      propertyPath: m_LocalRotation.w
      value: 1
      objectReference: {fileID: 0}
    - target: {fileID: 3163884038628731207, guid: c4edad20ad2b88f42afc047eefff1f0a,
        type: 3}
      propertyPath: m_RootOrder
      value: 7
      objectReference: {fileID: 0}
    - target: {fileID: 3163884038628731207, guid: c4edad20ad2b88f42afc047eefff1f0a,
        type: 3}
      propertyPath: m_LocalEulerAnglesHint.x
      value: 0
      objectReference: {fileID: 0}
    - target: {fileID: 3163884038628731207, guid: c4edad20ad2b88f42afc047eefff1f0a,
        type: 3}
      propertyPath: m_LocalEulerAnglesHint.y
      value: 0
      objectReference: {fileID: 0}
    - target: {fileID: 3163884038628731207, guid: c4edad20ad2b88f42afc047eefff1f0a,
        type: 3}
      propertyPath: m_LocalEulerAnglesHint.z
      value: 0
      objectReference: {fileID: 0}
    - target: {fileID: 3163884038628731207, guid: c4edad20ad2b88f42afc047eefff1f0a,
        type: 3}
      propertyPath: m_AnchoredPosition.x
      value: 0
      objectReference: {fileID: 0}
    - target: {fileID: 3163884038628731207, guid: c4edad20ad2b88f42afc047eefff1f0a,
        type: 3}
      propertyPath: m_AnchoredPosition.y
      value: 0
      objectReference: {fileID: 0}
    - target: {fileID: 3163884038628731207, guid: c4edad20ad2b88f42afc047eefff1f0a,
        type: 3}
      propertyPath: m_SizeDelta.x
      value: 0
      objectReference: {fileID: 0}
    - target: {fileID: 3163884038628731207, guid: c4edad20ad2b88f42afc047eefff1f0a,
        type: 3}
      propertyPath: m_SizeDelta.y
      value: 0
      objectReference: {fileID: 0}
    - target: {fileID: 3163884038628731207, guid: c4edad20ad2b88f42afc047eefff1f0a,
        type: 3}
      propertyPath: m_AnchorMin.x
      value: 0
      objectReference: {fileID: 0}
    - target: {fileID: 3163884038628731207, guid: c4edad20ad2b88f42afc047eefff1f0a,
        type: 3}
      propertyPath: m_AnchorMin.y
      value: 0
      objectReference: {fileID: 0}
    - target: {fileID: 3163884038628731207, guid: c4edad20ad2b88f42afc047eefff1f0a,
        type: 3}
      propertyPath: m_AnchorMax.x
      value: 0
      objectReference: {fileID: 0}
    - target: {fileID: 3163884038628731207, guid: c4edad20ad2b88f42afc047eefff1f0a,
        type: 3}
      propertyPath: m_AnchorMax.y
      value: 0
      objectReference: {fileID: 0}
    - target: {fileID: 3163884038628731207, guid: c4edad20ad2b88f42afc047eefff1f0a,
        type: 3}
      propertyPath: m_Pivot.x
      value: 0
      objectReference: {fileID: 0}
    - target: {fileID: 3163884038628731207, guid: c4edad20ad2b88f42afc047eefff1f0a,
        type: 3}
      propertyPath: m_Pivot.y
      value: 0
      objectReference: {fileID: 0}
    m_RemovedComponents: []
  m_SourcePrefab: {fileID: 100100000, guid: c4edad20ad2b88f42afc047eefff1f0a, type: 3}
--- !u!1001 &1297623899434688350
PrefabInstance:
  m_ObjectHideFlags: 0
  serializedVersion: 2
  m_Modification:
    m_TransformParent: {fileID: 1970995165}
    m_Modifications:
    - target: {fileID: 7385159311897237416, guid: 67a75f988c78cce43a901e728b927b6c,
        type: 3}
      propertyPath: m_LocalPosition.x
      value: 0.9145387
      objectReference: {fileID: 0}
    - target: {fileID: 7385159311897237416, guid: 67a75f988c78cce43a901e728b927b6c,
        type: 3}
      propertyPath: m_LocalPosition.y
      value: -3.07
      objectReference: {fileID: 0}
    - target: {fileID: 7385159311897237416, guid: 67a75f988c78cce43a901e728b927b6c,
        type: 3}
      propertyPath: m_LocalPosition.z
      value: -12.33272
      objectReference: {fileID: 0}
    - target: {fileID: 7385159311897237416, guid: 67a75f988c78cce43a901e728b927b6c,
        type: 3}
      propertyPath: m_LocalRotation.x
      value: 0
      objectReference: {fileID: 0}
    - target: {fileID: 7385159311897237416, guid: 67a75f988c78cce43a901e728b927b6c,
        type: 3}
      propertyPath: m_LocalRotation.y
      value: -0.9613531
      objectReference: {fileID: 0}
    - target: {fileID: 7385159311897237416, guid: 67a75f988c78cce43a901e728b927b6c,
        type: 3}
      propertyPath: m_LocalRotation.z
      value: 0
      objectReference: {fileID: 0}
    - target: {fileID: 7385159311897237416, guid: 67a75f988c78cce43a901e728b927b6c,
        type: 3}
      propertyPath: m_LocalRotation.w
      value: 0.27531862
      objectReference: {fileID: 0}
    - target: {fileID: 7385159311897237416, guid: 67a75f988c78cce43a901e728b927b6c,
        type: 3}
      propertyPath: m_RootOrder
      value: 4
      objectReference: {fileID: 0}
    - target: {fileID: 7385159311897237416, guid: 67a75f988c78cce43a901e728b927b6c,
        type: 3}
      propertyPath: m_LocalEulerAnglesHint.x
      value: 0
      objectReference: {fileID: 0}
    - target: {fileID: 7385159311897237416, guid: 67a75f988c78cce43a901e728b927b6c,
        type: 3}
      propertyPath: m_LocalEulerAnglesHint.y
      value: -148.038
      objectReference: {fileID: 0}
    - target: {fileID: 7385159311897237416, guid: 67a75f988c78cce43a901e728b927b6c,
        type: 3}
      propertyPath: m_LocalEulerAnglesHint.z
      value: 0
      objectReference: {fileID: 0}
    - target: {fileID: 7385159311897237416, guid: 67a75f988c78cce43a901e728b927b6c,
        type: 3}
      propertyPath: m_LocalScale.x
      value: 0.05
      objectReference: {fileID: 0}
    - target: {fileID: 7385159311897237416, guid: 67a75f988c78cce43a901e728b927b6c,
        type: 3}
      propertyPath: m_LocalScale.y
      value: 0.05
      objectReference: {fileID: 0}
    - target: {fileID: 7385159311897237416, guid: 67a75f988c78cce43a901e728b927b6c,
        type: 3}
      propertyPath: m_LocalScale.z
      value: 0.05
      objectReference: {fileID: 0}
    - target: {fileID: 8703120741492438144, guid: 67a75f988c78cce43a901e728b927b6c,
        type: 3}
      propertyPath: m_Name
      value: Bear
      objectReference: {fileID: 0}
    - target: {fileID: 8703120741492438144, guid: 67a75f988c78cce43a901e728b927b6c,
        type: 3}
      propertyPath: m_IsActive
      value: 1
      objectReference: {fileID: 0}
    m_RemovedComponents: []
  m_SourcePrefab: {fileID: 100100000, guid: 67a75f988c78cce43a901e728b927b6c, type: 3}
--- !u!4 &1297623899434688351 stripped
Transform:
  m_CorrespondingSourceObject: {fileID: 7385159311897237416, guid: 67a75f988c78cce43a901e728b927b6c,
    type: 3}
  m_PrefabInstance: {fileID: 1297623899434688350}
  m_PrefabAsset: {fileID: 0}
--- !u!1001 &4339516883972567016
PrefabInstance:
  m_ObjectHideFlags: 0
  serializedVersion: 2
  m_Modification:
    m_TransformParent: {fileID: 1970995165}
    m_Modifications:
    - target: {fileID: 2266041585495964244, guid: cd7dd0ebe1181a54abe41f7846fd4e65,
        type: 3}
      propertyPath: m_Name
      value: Racoon
      objectReference: {fileID: 0}
    - target: {fileID: 2266041585495964244, guid: cd7dd0ebe1181a54abe41f7846fd4e65,
        type: 3}
      propertyPath: m_IsActive
      value: 1
      objectReference: {fileID: 0}
    - target: {fileID: 4339516883572977864, guid: cd7dd0ebe1181a54abe41f7846fd4e65,
        type: 3}
      propertyPath: m_LocalPosition.x
      value: 0.867
      objectReference: {fileID: 0}
    - target: {fileID: 4339516883572977864, guid: cd7dd0ebe1181a54abe41f7846fd4e65,
        type: 3}
      propertyPath: m_LocalPosition.y
      value: -3.055
      objectReference: {fileID: 0}
    - target: {fileID: 4339516883572977864, guid: cd7dd0ebe1181a54abe41f7846fd4e65,
        type: 3}
      propertyPath: m_LocalPosition.z
      value: -12.326
      objectReference: {fileID: 0}
    - target: {fileID: 4339516883572977864, guid: cd7dd0ebe1181a54abe41f7846fd4e65,
        type: 3}
      propertyPath: m_LocalRotation.x
      value: 0
      objectReference: {fileID: 0}
    - target: {fileID: 4339516883572977864, guid: cd7dd0ebe1181a54abe41f7846fd4e65,
        type: 3}
      propertyPath: m_LocalRotation.y
      value: -0.9613531
      objectReference: {fileID: 0}
    - target: {fileID: 4339516883572977864, guid: cd7dd0ebe1181a54abe41f7846fd4e65,
        type: 3}
      propertyPath: m_LocalRotation.z
      value: 0
      objectReference: {fileID: 0}
    - target: {fileID: 4339516883572977864, guid: cd7dd0ebe1181a54abe41f7846fd4e65,
        type: 3}
      propertyPath: m_LocalRotation.w
      value: 0.27531862
      objectReference: {fileID: 0}
    - target: {fileID: 4339516883572977864, guid: cd7dd0ebe1181a54abe41f7846fd4e65,
        type: 3}
      propertyPath: m_RootOrder
      value: 2
      objectReference: {fileID: 0}
    - target: {fileID: 4339516883572977864, guid: cd7dd0ebe1181a54abe41f7846fd4e65,
        type: 3}
      propertyPath: m_LocalEulerAnglesHint.x
      value: 0
      objectReference: {fileID: 0}
    - target: {fileID: 4339516883572977864, guid: cd7dd0ebe1181a54abe41f7846fd4e65,
        type: 3}
      propertyPath: m_LocalEulerAnglesHint.y
      value: -148.038
      objectReference: {fileID: 0}
    - target: {fileID: 4339516883572977864, guid: cd7dd0ebe1181a54abe41f7846fd4e65,
        type: 3}
      propertyPath: m_LocalEulerAnglesHint.z
      value: 0
      objectReference: {fileID: 0}
    m_RemovedComponents: []
  m_SourcePrefab: {fileID: 100100000, guid: cd7dd0ebe1181a54abe41f7846fd4e65, type: 3}
--- !u!1001 &4959096008266346085
PrefabInstance:
  m_ObjectHideFlags: 0
  serializedVersion: 2
  m_Modification:
    m_TransformParent: {fileID: 1970995165}
    m_Modifications:
    - target: {fileID: 1888083207796311630, guid: c839f4d7170d14841a2e3e88a998913c,
        type: 3}
      propertyPath: m_LocalPosition.x
      value: 0.883
      objectReference: {fileID: 0}
    - target: {fileID: 1888083207796311630, guid: c839f4d7170d14841a2e3e88a998913c,
        type: 3}
      propertyPath: m_LocalPosition.y
      value: -3.01
      objectReference: {fileID: 0}
    - target: {fileID: 1888083207796311630, guid: c839f4d7170d14841a2e3e88a998913c,
        type: 3}
      propertyPath: m_LocalPosition.z
      value: -12.354
      objectReference: {fileID: 0}
    - target: {fileID: 1888083207796311630, guid: c839f4d7170d14841a2e3e88a998913c,
        type: 3}
      propertyPath: m_LocalRotation.x
      value: 0
      objectReference: {fileID: 0}
    - target: {fileID: 1888083207796311630, guid: c839f4d7170d14841a2e3e88a998913c,
        type: 3}
      propertyPath: m_LocalRotation.y
      value: -0.9613531
      objectReference: {fileID: 0}
    - target: {fileID: 1888083207796311630, guid: c839f4d7170d14841a2e3e88a998913c,
        type: 3}
      propertyPath: m_LocalRotation.z
      value: 0
      objectReference: {fileID: 0}
    - target: {fileID: 1888083207796311630, guid: c839f4d7170d14841a2e3e88a998913c,
        type: 3}
      propertyPath: m_LocalRotation.w
      value: 0.27531862
      objectReference: {fileID: 0}
    - target: {fileID: 1888083207796311630, guid: c839f4d7170d14841a2e3e88a998913c,
        type: 3}
      propertyPath: m_RootOrder
      value: 3
      objectReference: {fileID: 0}
    - target: {fileID: 1888083207796311630, guid: c839f4d7170d14841a2e3e88a998913c,
        type: 3}
      propertyPath: m_LocalEulerAnglesHint.x
      value: 0
      objectReference: {fileID: 0}
    - target: {fileID: 1888083207796311630, guid: c839f4d7170d14841a2e3e88a998913c,
        type: 3}
      propertyPath: m_LocalEulerAnglesHint.y
      value: -148.038
      objectReference: {fileID: 0}
    - target: {fileID: 1888083207796311630, guid: c839f4d7170d14841a2e3e88a998913c,
        type: 3}
      propertyPath: m_LocalEulerAnglesHint.z
      value: 0
      objectReference: {fileID: 0}
    - target: {fileID: 1888083207796311630, guid: c839f4d7170d14841a2e3e88a998913c,
        type: 3}
      propertyPath: m_LocalScale.x
      value: 0.05
      objectReference: {fileID: 0}
    - target: {fileID: 1888083207796311630, guid: c839f4d7170d14841a2e3e88a998913c,
        type: 3}
      propertyPath: m_LocalScale.y
      value: 0.05
      objectReference: {fileID: 0}
    - target: {fileID: 1888083207796311630, guid: c839f4d7170d14841a2e3e88a998913c,
        type: 3}
      propertyPath: m_LocalScale.z
      value: 0.05
      objectReference: {fileID: 0}
    - target: {fileID: 6594703351209885251, guid: c839f4d7170d14841a2e3e88a998913c,
        type: 3}
      propertyPath: m_Name
      value: Deer
      objectReference: {fileID: 0}
    - target: {fileID: 6594703351209885251, guid: c839f4d7170d14841a2e3e88a998913c,
        type: 3}
      propertyPath: m_IsActive
      value: 1
      objectReference: {fileID: 0}
    m_RemovedComponents: []
  m_SourcePrefab: {fileID: 100100000, guid: c839f4d7170d14841a2e3e88a998913c, type: 3}
--- !u!4 &4959096008266346086 stripped
Transform:
  m_CorrespondingSourceObject: {fileID: 1888083207796311630, guid: c839f4d7170d14841a2e3e88a998913c,
    type: 3}
  m_PrefabInstance: {fileID: 4959096008266346085}
  m_PrefabAsset: {fileID: 0}
--- !u!1001 &5422401267807977603
PrefabInstance:
  m_ObjectHideFlags: 0
  serializedVersion: 2
  m_Modification:
    m_TransformParent: {fileID: 1970995165}
    m_Modifications:
    - target: {fileID: 3449853666069847039, guid: da0fc5a3b95d03e4fb7f3c0a0e75026e,
        type: 3}
      propertyPath: m_LocalPosition.x
      value: 0.831
      objectReference: {fileID: 0}
    - target: {fileID: 3449853666069847039, guid: da0fc5a3b95d03e4fb7f3c0a0e75026e,
        type: 3}
      propertyPath: m_LocalPosition.y
      value: -3.058
      objectReference: {fileID: 0}
    - target: {fileID: 3449853666069847039, guid: da0fc5a3b95d03e4fb7f3c0a0e75026e,
        type: 3}
      propertyPath: m_LocalPosition.z
      value: -12.28
      objectReference: {fileID: 0}
    - target: {fileID: 3449853666069847039, guid: da0fc5a3b95d03e4fb7f3c0a0e75026e,
        type: 3}
      propertyPath: m_LocalRotation.x
      value: 0
      objectReference: {fileID: 0}
    - target: {fileID: 3449853666069847039, guid: da0fc5a3b95d03e4fb7f3c0a0e75026e,
        type: 3}
      propertyPath: m_LocalRotation.y
      value: -0.9613531
      objectReference: {fileID: 0}
    - target: {fileID: 3449853666069847039, guid: da0fc5a3b95d03e4fb7f3c0a0e75026e,
        type: 3}
      propertyPath: m_LocalRotation.z
      value: 0
      objectReference: {fileID: 0}
    - target: {fileID: 3449853666069847039, guid: da0fc5a3b95d03e4fb7f3c0a0e75026e,
        type: 3}
      propertyPath: m_LocalRotation.w
      value: 0.27531862
      objectReference: {fileID: 0}
    - target: {fileID: 3449853666069847039, guid: da0fc5a3b95d03e4fb7f3c0a0e75026e,
        type: 3}
      propertyPath: m_RootOrder
      value: 5
      objectReference: {fileID: 0}
    - target: {fileID: 3449853666069847039, guid: da0fc5a3b95d03e4fb7f3c0a0e75026e,
        type: 3}
      propertyPath: m_LocalEulerAnglesHint.x
      value: 0
      objectReference: {fileID: 0}
    - target: {fileID: 3449853666069847039, guid: da0fc5a3b95d03e4fb7f3c0a0e75026e,
        type: 3}
      propertyPath: m_LocalEulerAnglesHint.y
      value: -148.038
      objectReference: {fileID: 0}
    - target: {fileID: 3449853666069847039, guid: da0fc5a3b95d03e4fb7f3c0a0e75026e,
        type: 3}
      propertyPath: m_LocalEulerAnglesHint.z
      value: 0
      objectReference: {fileID: 0}
    - target: {fileID: 3449853666069847039, guid: da0fc5a3b95d03e4fb7f3c0a0e75026e,
        type: 3}
      propertyPath: m_LocalScale.x
      value: 0.05
      objectReference: {fileID: 0}
    - target: {fileID: 3449853666069847039, guid: da0fc5a3b95d03e4fb7f3c0a0e75026e,
        type: 3}
      propertyPath: m_LocalScale.y
      value: 0.05
      objectReference: {fileID: 0}
    - target: {fileID: 3449853666069847039, guid: da0fc5a3b95d03e4fb7f3c0a0e75026e,
        type: 3}
      propertyPath: m_LocalScale.z
      value: 0.05
      objectReference: {fileID: 0}
    - target: {fileID: 7931057898637016613, guid: da0fc5a3b95d03e4fb7f3c0a0e75026e,
        type: 3}
      propertyPath: m_Name
      value: Here
      objectReference: {fileID: 0}
    - target: {fileID: 7931057898637016613, guid: da0fc5a3b95d03e4fb7f3c0a0e75026e,
        type: 3}
      propertyPath: m_IsActive
      value: 1
      objectReference: {fileID: 0}
    m_RemovedComponents: []
  m_SourcePrefab: {fileID: 100100000, guid: da0fc5a3b95d03e4fb7f3c0a0e75026e, type: 3}
--- !u!4 &5422401267807977604 stripped
Transform:
  m_CorrespondingSourceObject: {fileID: 3449853666069847039, guid: da0fc5a3b95d03e4fb7f3c0a0e75026e,
    type: 3}
  m_PrefabInstance: {fileID: 5422401267807977603}
  m_PrefabAsset: {fileID: 0}
--- !u!1001 &7402503477741714267
PrefabInstance:
  m_ObjectHideFlags: 0
  serializedVersion: 2
  m_Modification:
    m_TransformParent: {fileID: 1970995165}
    m_Modifications:
    - target: {fileID: 7402503478101238891, guid: 08273758b6471d5438490599625f07a0,
        type: 3}
      propertyPath: m_LocalPosition.x
      value: 0.45721492
      objectReference: {fileID: 0}
    - target: {fileID: 7402503478101238891, guid: 08273758b6471d5438490599625f07a0,
        type: 3}
      propertyPath: m_LocalPosition.y
      value: -2.928
      objectReference: {fileID: 0}
    - target: {fileID: 7402503478101238891, guid: 08273758b6471d5438490599625f07a0,
        type: 3}
      propertyPath: m_LocalPosition.z
      value: -13.028138
      objectReference: {fileID: 0}
    - target: {fileID: 7402503478101238891, guid: 08273758b6471d5438490599625f07a0,
        type: 3}
      propertyPath: m_LocalRotation.x
      value: -0
      objectReference: {fileID: 0}
    - target: {fileID: 7402503478101238891, guid: 08273758b6471d5438490599625f07a0,
        type: 3}
      propertyPath: m_LocalRotation.y
      value: -0.9613542
      objectReference: {fileID: 0}
    - target: {fileID: 7402503478101238891, guid: 08273758b6471d5438490599625f07a0,
        type: 3}
      propertyPath: m_LocalRotation.z
      value: -0
      objectReference: {fileID: 0}
    - target: {fileID: 7402503478101238891, guid: 08273758b6471d5438490599625f07a0,
        type: 3}
      propertyPath: m_LocalRotation.w
      value: 0.27531454
      objectReference: {fileID: 0}
    - target: {fileID: 7402503478101238891, guid: 08273758b6471d5438490599625f07a0,
        type: 3}
      propertyPath: m_RootOrder
      value: 0
      objectReference: {fileID: 0}
    - target: {fileID: 7402503478101238891, guid: 08273758b6471d5438490599625f07a0,
        type: 3}
      propertyPath: m_LocalEulerAnglesHint.x
      value: 0
      objectReference: {fileID: 0}
    - target: {fileID: 7402503478101238891, guid: 08273758b6471d5438490599625f07a0,
        type: 3}
      propertyPath: m_LocalEulerAnglesHint.y
      value: -148.03801
      objectReference: {fileID: 0}
    - target: {fileID: 7402503478101238891, guid: 08273758b6471d5438490599625f07a0,
        type: 3}
      propertyPath: m_LocalEulerAnglesHint.z
      value: 0
      objectReference: {fileID: 0}
    - target: {fileID: 7402503478101238900, guid: 08273758b6471d5438490599625f07a0,
        type: 3}
      propertyPath: m_Name
      value: Fox
      objectReference: {fileID: 0}
    - target: {fileID: 7402503478101238900, guid: 08273758b6471d5438490599625f07a0,
        type: 3}
      propertyPath: m_IsActive
      value: 1
      objectReference: {fileID: 0}
    m_RemovedComponents: []
  m_SourcePrefab: {fileID: 100100000, guid: 08273758b6471d5438490599625f07a0, type: 3}
--- !u!1001 &7571499298377630278
PrefabInstance:
  m_ObjectHideFlags: 0
  serializedVersion: 2
  m_Modification:
    m_TransformParent: {fileID: 1970995165}
    m_Modifications:
    - target: {fileID: 7571499298826967400, guid: f19f6ed4486ddf246962d2473cc9fc15,
        type: 3}
      propertyPath: m_LocalPosition.x
      value: 0.883
      objectReference: {fileID: 0}
    - target: {fileID: 7571499298826967400, guid: f19f6ed4486ddf246962d2473cc9fc15,
        type: 3}
      propertyPath: m_LocalPosition.y
      value: -2.999
      objectReference: {fileID: 0}
    - target: {fileID: 7571499298826967400, guid: f19f6ed4486ddf246962d2473cc9fc15,
        type: 3}
      propertyPath: m_LocalPosition.z
      value: -12.354
      objectReference: {fileID: 0}
    - target: {fileID: 7571499298826967400, guid: f19f6ed4486ddf246962d2473cc9fc15,
        type: 3}
      propertyPath: m_LocalRotation.x
      value: 0
      objectReference: {fileID: 0}
    - target: {fileID: 7571499298826967400, guid: f19f6ed4486ddf246962d2473cc9fc15,
        type: 3}
      propertyPath: m_LocalRotation.y
      value: -0.9613531
      objectReference: {fileID: 0}
    - target: {fileID: 7571499298826967400, guid: f19f6ed4486ddf246962d2473cc9fc15,
        type: 3}
      propertyPath: m_LocalRotation.z
      value: 0
      objectReference: {fileID: 0}
    - target: {fileID: 7571499298826967400, guid: f19f6ed4486ddf246962d2473cc9fc15,
        type: 3}
      propertyPath: m_LocalRotation.w
      value: 0.27531862
      objectReference: {fileID: 0}
    - target: {fileID: 7571499298826967400, guid: f19f6ed4486ddf246962d2473cc9fc15,
        type: 3}
      propertyPath: m_RootOrder
      value: 1
      objectReference: {fileID: 0}
    - target: {fileID: 7571499298826967400, guid: f19f6ed4486ddf246962d2473cc9fc15,
        type: 3}
      propertyPath: m_LocalEulerAnglesHint.x
      value: 0
      objectReference: {fileID: 0}
    - target: {fileID: 7571499298826967400, guid: f19f6ed4486ddf246962d2473cc9fc15,
        type: 3}
      propertyPath: m_LocalEulerAnglesHint.y
      value: -148.038
      objectReference: {fileID: 0}
    - target: {fileID: 7571499298826967400, guid: f19f6ed4486ddf246962d2473cc9fc15,
        type: 3}
      propertyPath: m_LocalEulerAnglesHint.z
      value: 0
      objectReference: {fileID: 0}
    - target: {fileID: 7571499298826967403, guid: f19f6ed4486ddf246962d2473cc9fc15,
        type: 3}
      propertyPath: m_Name
      value: Wolf
      objectReference: {fileID: 0}
    - target: {fileID: 7571499298826967403, guid: f19f6ed4486ddf246962d2473cc9fc15,
        type: 3}
      propertyPath: m_IsActive
      value: 1
      objectReference: {fileID: 0}
    m_RemovedComponents: []
  m_SourcePrefab: {fileID: 100100000, guid: f19f6ed4486ddf246962d2473cc9fc15, type: 3}
--- !u!1001 &8564205746266572761
PrefabInstance:
  m_ObjectHideFlags: 0
  serializedVersion: 2
  m_Modification:
    m_TransformParent: {fileID: 0}
    m_Modifications:
    - target: {fileID: 8564205745936643963, guid: c7190eb1a9a39d749a76a41249f9d47c,
        type: 3}
      propertyPath: m_Name
      value: Canvas
      objectReference: {fileID: 0}
    - target: {fileID: 8564205745936643967, guid: c7190eb1a9a39d749a76a41249f9d47c,
        type: 3}
      propertyPath: m_LocalPosition.x
      value: 0
      objectReference: {fileID: 0}
    - target: {fileID: 8564205745936643967, guid: c7190eb1a9a39d749a76a41249f9d47c,
        type: 3}
      propertyPath: m_LocalPosition.y
      value: 0
      objectReference: {fileID: 0}
    - target: {fileID: 8564205745936643967, guid: c7190eb1a9a39d749a76a41249f9d47c,
        type: 3}
      propertyPath: m_LocalPosition.z
      value: 0
      objectReference: {fileID: 0}
    - target: {fileID: 8564205745936643967, guid: c7190eb1a9a39d749a76a41249f9d47c,
        type: 3}
      propertyPath: m_LocalRotation.x
      value: 0
      objectReference: {fileID: 0}
    - target: {fileID: 8564205745936643967, guid: c7190eb1a9a39d749a76a41249f9d47c,
        type: 3}
      propertyPath: m_LocalRotation.y
      value: 0
      objectReference: {fileID: 0}
    - target: {fileID: 8564205745936643967, guid: c7190eb1a9a39d749a76a41249f9d47c,
        type: 3}
      propertyPath: m_LocalRotation.z
      value: 0
      objectReference: {fileID: 0}
    - target: {fileID: 8564205745936643967, guid: c7190eb1a9a39d749a76a41249f9d47c,
        type: 3}
      propertyPath: m_LocalRotation.w
      value: 1
      objectReference: {fileID: 0}
    - target: {fileID: 8564205745936643967, guid: c7190eb1a9a39d749a76a41249f9d47c,
        type: 3}
      propertyPath: m_RootOrder
      value: 4
      objectReference: {fileID: 0}
    - target: {fileID: 8564205745936643967, guid: c7190eb1a9a39d749a76a41249f9d47c,
        type: 3}
      propertyPath: m_LocalEulerAnglesHint.x
      value: 0
      objectReference: {fileID: 0}
    - target: {fileID: 8564205745936643967, guid: c7190eb1a9a39d749a76a41249f9d47c,
        type: 3}
      propertyPath: m_LocalEulerAnglesHint.y
      value: 0
      objectReference: {fileID: 0}
    - target: {fileID: 8564205745936643967, guid: c7190eb1a9a39d749a76a41249f9d47c,
        type: 3}
      propertyPath: m_LocalEulerAnglesHint.z
      value: 0
      objectReference: {fileID: 0}
    - target: {fileID: 8564205745936643967, guid: c7190eb1a9a39d749a76a41249f9d47c,
        type: 3}
      propertyPath: m_AnchoredPosition.x
      value: 0
      objectReference: {fileID: 0}
    - target: {fileID: 8564205745936643967, guid: c7190eb1a9a39d749a76a41249f9d47c,
        type: 3}
      propertyPath: m_AnchoredPosition.y
      value: 0
      objectReference: {fileID: 0}
    - target: {fileID: 8564205745936643967, guid: c7190eb1a9a39d749a76a41249f9d47c,
        type: 3}
      propertyPath: m_SizeDelta.x
      value: 0
      objectReference: {fileID: 0}
    - target: {fileID: 8564205745936643967, guid: c7190eb1a9a39d749a76a41249f9d47c,
        type: 3}
      propertyPath: m_SizeDelta.y
      value: 0
      objectReference: {fileID: 0}
    - target: {fileID: 8564205745936643967, guid: c7190eb1a9a39d749a76a41249f9d47c,
        type: 3}
      propertyPath: m_AnchorMin.x
      value: 0
      objectReference: {fileID: 0}
    - target: {fileID: 8564205745936643967, guid: c7190eb1a9a39d749a76a41249f9d47c,
        type: 3}
      propertyPath: m_AnchorMin.y
      value: 0
      objectReference: {fileID: 0}
    - target: {fileID: 8564205745936643967, guid: c7190eb1a9a39d749a76a41249f9d47c,
        type: 3}
      propertyPath: m_AnchorMax.x
      value: 0
      objectReference: {fileID: 0}
    - target: {fileID: 8564205745936643967, guid: c7190eb1a9a39d749a76a41249f9d47c,
        type: 3}
      propertyPath: m_AnchorMax.y
      value: 0
      objectReference: {fileID: 0}
    - target: {fileID: 8564205745936643967, guid: c7190eb1a9a39d749a76a41249f9d47c,
        type: 3}
      propertyPath: m_Pivot.x
      value: 0
      objectReference: {fileID: 0}
    - target: {fileID: 8564205745936643967, guid: c7190eb1a9a39d749a76a41249f9d47c,
        type: 3}
      propertyPath: m_Pivot.y
      value: 0
      objectReference: {fileID: 0}
    - target: {fileID: 8564205746139629339, guid: c7190eb1a9a39d749a76a41249f9d47c,
        type: 3}
      propertyPath: m_AnchoredPosition.y
      value: 0.041259766
      objectReference: {fileID: 0}
    m_RemovedComponents: []
  m_SourcePrefab: {fileID: 100100000, guid: c7190eb1a9a39d749a76a41249f9d47c, type: 3}
